3580 5408
330 367 368 423 14
887 368 977 440 ceput
996 368 1044 424 XI.

409 535 497 606 0080
518 539 595 601 lovei
620 539 747 602 lunouei
762 539 903 603 Minervai
923 538 928 622 Ι
949 543 1067 606 Falesee
1089 545 1158 625 quei
1181 543 1212 604 in
1228 542 1364 606 Sardinia
1382 552 1454 606 suut
1472 542 1478 625 Ι
1497 546 1608 608 donum

324 640 486 717 dederun13
509 642 676 723 magistreis
696 644 701 726 )
719 643 753 704 L.
769 643 886 706 Leuius
907 643 943 704 ll.
966 643 997 716 l.‚
1020 642 1051 704 C.
1068 639 1215 730 Salv[e]na
1229 645 1324 708 Voltai
1345 646 1377 721 i.‚
1397 643 1403 730 )
1423 647 1610 711 coiraveront

835 743 878 810 (in
893 747 974 810 parte
991 743 1098 810 auersa)

527 829 712 910 conlegium¹
736 829 815 909 quod
838 838 884 892 est
904 830 1034 910 aeiptum
1057 831 1162 893 aetatei
1184 827 1341 919 aged[oi]⁴‚

528 933 684 1012 opiparum
707 931 742 993 ad
763 931 870 993 veitam
894 931 1076 1011 quolundam
1099 933 1341 1013 metumedia,

527 1033 596 1114 quei
618 1034 717 1096 soueis
738 1027 903 1119 a[rp]utieis
925 1033 1055 1114 opidque
1077 1034 1219 1098 Volcani'

527 1136 747 1198 condecorant·
768 1130 950 1222 sai[pi]sume
971 1135 1111 1199 oomvivia
1134 1137 1298 1217 loidosque,

527 1237 657 1318 ququei¹
679 1239 738 1301 huc
760 1231 918 1322 dederu[nt
940 1232 1174 1324 i]nperatoribus
1196 1239 1364 1316 summae,

525 1341 586 1402 utei
608 1340 694 1403 sesed
715 1335 862 1425 lubent[es
884 1334 966 1426 ie]ne
989 1341 1089 1402 ioveut
1111 1342 1252 1422 optantis.

406 1438 526 1491 Faleriis
543 1456 608 1507 rep,
627 1440 729 1491 lamina
746 1455 829 1492 aenea
850 1439 902 1501 (xl
909 1440 978 1492 0078
990 1441 1072 1494 duas.
1088 1440 1275 1507 Garruaaius).
1308 1440 1447 1494 liaeiooit
1459 1442 1607 1494 Bueaieler

323 1539 404 1576 earm.
422 1527 507 1591 epigr.
526 1540 553 1576 a.
564 1526 591 1577 2.
610 1553 642 1565 -
670 1527 693 1591 l)
710 1525 796 1592 goni,
823 1528 849 1590 2)
868 1525 960 1592 Volg·,
983 1527 1009 1592 3)
1028 1525 1108 1593 gaud·
1124 1529 1238 1579 ineisaem
1255 1531 1294 1578 est
1315 1529 1345 1577 in
1367 1542 1437 1579 aere.
1455 1555 1488 1566 -
1511 1530 1537 1592 l)
1554 1529 1605 1579 Aa·

323 1613 440 1676 septum,
464 1609 530 1660 utile
549 1613 714 1676 gratumque
733 1609 824 1677 (Bae.)
849 1611 886 1662 od
902 1615 1017 1662 aetatem
1039 1611 1179 1678 agendam.
1202 1641 1236 1651 —
1263 1613 1289 1674 5)
1309 1612 1390 1664 Goeos
1412 1628 1468 1662 esse
1487 1615 1606 1678 primum

322 1694 391 1746 oidil
409 1693 561 1747 Buecheler.
598 1694 719 1746 Valeano
740 1695 849 1748 studere
871 1696 974 1748 dieitur
997 1711 1076 1748 eorus
1104 1697 1178 1763 apud
1200 1697 1326 1750 Plautum
1347 1696 1438 1750 Aulul.
1455 1697 1516 1750 000.
1551 1698 1605 1750 llos

321 1793 398 1830 aoros
415 1780 534 1830 diuersos
552 1795 607 1830 esse
623 1785 737 1847 apparet
755 1797 772 1831 a
789 1780 908 1834 Falisais
926 1784 955 1833 in
967 1780 1099 1834 Sardinia
1116 1782 1273 1847 degentibus
1290 1786 1338 1849 qui
1355 1783 1465 1834 titulum
1482 1774 1511 1834 in
1527 1787 1607 1850 parte

321 1866 444 1930 opposita
468 1863 584 1916 laminae
606 1865 780 1917 inridendum
797 1870 969 1918 euraoeruat.
1004 1866 1121 1919 Lamina
1138 1870 1228 1931 igitur
1248 1869 1286 1921 ad
1302 1866 1380 1920 aliud
1396 1867 1553 1934 domomum,
1574 1871 1606 1919 in

321 1949 412 2000 eadem
430 1953 519 2000 tamen
536 1953 568 2002 ul
584 1949 692 2001 uidetur
710 1951 774 2002 aede
793 1950 841 2015 (ef.
857 1957 911 2006 not
923 1952 962 2020 i),
980 1949 1070 2013 affluo
1089 1955 1135 2004 est.
1147 1981 1182 1990 —
1198 1954 1225 2019 ti)
1242 1952 1427 2019 Imperatores,
1445 1955 1541 2020 quibus
1558 1954 1604 2006 do-

321 2050 385 2086 num
403 2036 534 2087 dederunt
552 2037 640 2102 coqui,
663 2035 791 2087 uidentem
807 2037 930 2101 intellegi
947 2035 1070 2103 luppiter
1087 2037 1155 2089 Iuno
1172 2036 1296 2089 Minerua
1314 2040 1396 2090 eliam
1416 2039 1446 2089 in
1462 2043 1541 2105 porte
1559 2055 1605 2106 op·

318 2122 408 2185 posita
426 2122 544 2171 laminae
560 2123 711 2173 memorati.

405 2273 491 2344 3084
519 2276 579 2336 Iovi
603 2295 630 2337 o.
652 2295 703 2356 m.,
724 2273 729 2359 )
748 2276 858 2338 lunoni
881 2295 955 2357 reg„
981 2280 987 2354 )
1014 2277 1162 2339 Minervae
1182 2274 1187 2360 )
1206 2277 1244 2338 ob
1267 2275 1494 2365 restitutiolnem
1518 2280 1605 2362 Capi-

318 2379 370 2440 toli
390 2375 395 2462 )
416 2379 488 2440 ordo
511 2378 566 2459 spl.
591 2376 684 2439 Flon’
702 2375 707 2460 )
727 2378 754 2439 d.
774 2378 803 2439 d.

403 2478 530 2530 Faesulis
547 2493 602 2543 rep.
621 2494 646 2530 a.
664 2479 738 2544 l879,
755 2479 834 2530 arula
854 2477 907 2544 (XI
921 2479 987 2531 itit
1004 2479 1075 2531 uidit
1091 2479 1252 2546 Burmann).
1270 2509 1302 2518 —
1326 2485 1351 2548 4)
1370 2480 1533 2548 Capitolium
1549 2499 1604 2534 non

320 2562 468 2614 liomanum
487 2563 533 2629 (ele
549 2565 626 2614 euius
643 2565 813 2615 restitutione
831 2566 994 2630 temporibus
1005 2563 1164 2617 Flauiorum
1182 2565 1240 2616 noli
1257 2567 1400 2630 cogitare),
1417 2566 1464 2617 sed
1473 2566 1606 2618 Faesula-

319 2663 392 2702 num.
430 2646 487 2702 llno
510 2663 570 2700 aum
594 2649 645 2701 lsoe
668 2649 746 2700 titulo
769 2652 907 2714 repertum
934 2664 988 2699 esse
1009 2647 1192 2714 fragmentum
1218 2665 1316 2701 aeneae
1344 2649 1422 2716 lupae
1443 2655 1543 2703 ousios-
1566 2656 1606 2702 est

320 2733 509 2785 Gomorrinius
528 2732 577 2801 (ef.
597 2732 725 2795 llulsfeleit
743 2733 774 2784 de
794 2733 934 2800 capitoliis
951 2735 1060 2800 imperii
1075 2733 1192 2786 llomani
1206 2750 1233 2801 p.
1247 2735 1304 2802 29).
1328 2765 1361 2774 -
1384 2736 1411 2800 2)
1429 2735 1500 2787 Ordo
1518 2737 1604 2801 splen-

319 2819 473 2871 didissimus
489 2819 712 2871 Florentinorum
731 2822 799 2881 (non
815 2817 883 2870 adeo
901 2821 1008 2883 mirum,
1025 2818 1208 2885 Florentium,
1225 2835 1285 2871 aune
1304 2819 1425 2872 Faesulis
1443 2821 1604 2888 Capitolium

317 2907 515 2970 resumeretur,
538 2904 682 2956 donarium
704 2906 743 2954 iii
763 2905 891 2971 posuisse.
933 2903 1032 2956 Varias
1052 2905 1261 2956 necessitudines
1280 2902 1366 2965 fuisse
1388 2907 1460 2957 inler
1482 2909 1606 2958 ciuitates

242 3037 246 3048 ,
316 2991 486 3055 propinquas
500 2990 643 3054 probabile
660 2992 707 3042 est.
742 2989 865 3040 Eundem
883 2989 1016 3040 hominem
1035 2989 1200 3055 pontificatu
1217 2995 1243 3042 et
1258 2989 1420 3043 Florentiae
1436 2995 1463 3042 ei
1479 2991 1605 3043 Faesulis

317 3072 476 3138 fungentem
494 3076 636 3126 habuimus
652 3091 736 3140 supra
754 3072 789 3126 N.
800 3073 888 3141 4429).

403 3226 489 3298 3⁰85
522 3229 545 3290 l.
568 3249 596 3292 o.
618 3250 658 3292 m.
679 3227 684 3313 )
704 3229 735 3292 C.
760 3229 919 3293 Caesellius
939 3228 944 3314 )
964 3230 1109 3294 Sabinus¹
1133 3232 1189 3312 leg.
1209 3230 1214 3314 )
1235 3233 1309 3312 Aug.
1332 3232 1389 3312 leg.
1404 3231 1471 3294 Xlll
1495 3232 1528 3294 G.
1549 3231 1554 3316 )
1573 3241 1604 3294 et

319 3330 430 3393 Fulidia
450 3331 453 3413 )
475 3331 592 3393 Pollitta
614 3333 677 3395 eius
697 3331 702 3416 )
721 3341 801 3394 voto.

401 3447 489 3519 3086
521 3449 630 3515 lunoni
650 3451 655 3537 Ι
675 3451 1021 3534 reginaeP01puloniae²
1040 3449 1045 3535 )
1064 3452 1137 3515 deae
1152 3453 1262 3534 patriae
1282 3450 1287 3536 )
1307 3451 1338 3514 G.
1355 3445 1534 3535 Caesellius)
1550 3453 1603 3515 Sa-

316 3552 406 3616 binus
428 3554 484 3635 leg.
505 3551 510 3638 )
529 3555 604 3636 Aug.
627 3555 685 3636 leg.
708 3555 775 3618 Xlll
799 3553 833 3617 G.
853 3550 859 3639 Ι
879 3564 909 3616 et
931 3555 1043 3617 Fufidia
1063 3551 1068 3638 Ι
1088 3555 1204 3618 Pollitta
1226 3555 1290 3617 eius
1309 3550 1314 3637 Ι
1334 3563 1410 3615 voto.

400 3671 487 3743 3087
501 3719 504 3724 -
520 3675 669 3738 Minervae
689 3672 694 3758 )
713 3675 789 3738 lovis
817 3669 1019 3745 consiliorum
1042 3670 1188 3758 participi
1216 3675 1247 3736 C.
1271 3669 1453 3755 Caesellius)
1473 3671 1604 3736 Sabinus

317 3778 373 3859 leg.
394 3773 398 3860 Ι
418 3779 493 3855 Aug.
516 3777 574 3856 leg.
598 3777 665 3839 xul
688 3777 722 3839 G.
743 3775 748 3859 )
767 3787 797 3838 et
819 3775 932 3837 Fufidia
952 3772 957 3858 )
977 3775 1094 3839 Pollitta
1117 3779 1180 3839 eius
1199 3773 1204 3861 Ι
1225 3785 1302 3838 voto.

398 3876 482 3943 Apuli
494 3879 523 3928 in
532 3877 619 3928 Dacia
631 3894 688 3944 rep.
699 3876 753 3943 (lll
762 3877 832 3929 tuti.
841 3875 980 3928 imaum
990 3875 1134 3928 secundam
1146 3881 1172 3928 el
1184 3879 1292 3928 tertiam
1304 3877 1373 3927 uidit
1381 3874 1603 3943 Domasneeoslri).

318 3992 351 4002 -
371 3964 394 4028 l)
413 3962 532 4027 legatus
549 3962 666 4028 legionis
682 3960 751 4015 lllll
774 3962 901 4014 Geminae
920 3960 977 4023 ferit
998 3963 1047 4012 suli
1067 3961 1207 4014 Commodo
1231 3961 1287 4029 (lll
1303 3963 1384 4025 4000·
1407 3958 1442 4023 os.
1462 3961 1503 4012 lll
1518 3959 1602 4027 llll).

319 4049 363 4101 Ad
378 4047 466 4110 filium
484 4050 543 4099 eius
559 4051 677 4114 pertinet
694 4048 789 4098 titulus
806 4063 891 4114 supra
908 4045 943 4099 N.
961 4049 1032 4101 4400.
1050 4073 1084 4084 -
1102 4049 1127 4104 2)
1148 4046 1189 4109 uf.
1208 4045 1283 4108 infra
1301 4046 1336 4100 N.
1346 4048 1422 4102 0406.
1439 4045 1517 4101 ulti.

400 4201 488 4275 8088
510 4204 570 4267 lovi
587 4206 720 4285 Augusto
733 4202 893 4287 {Appuleia
909 4206 947 4267 Μ.
959 4206 979 4266 4.
993 4204 1119 4276 Quinta¹
1133 4209 1138 4284 Ι
1150 4221 1205 4265 suo
1221 4212 1251 4266 et
1264 4204 1298 4265 L.
1309 4202 1424 4284 Turpili
1437 4195 1605 4286 Brocehffl)

317 4309 464 4372 liciniani
486 4309 538 4370 filii
562 4307 684 4370 nomino
707 4315 727 4368 t.
750 4302 792 4394 [p.
815 4303 857 4395 i..)

400 4425 486 4496 8080
519 4429 628 4490 lunoni
651 4430 801 4508 Augustae
821 4423 825 4510 )
845 4426 991 4508 Appuleia
1015 4424 1052 4487 Μ.
1069 4424 1109 4486 ul.
1126 4423 1253 4496 Ouinia¹
1274 4421 1279 4507 )
1298 4441 1352 4486 suo
1377 4432 1407 4486 et
1428 4421 1463 4485 L.
1475 4421 1603 4503 Turpiiii

318 4529 443 4592 Brocchi
462 4532 468 4606 Ι
488 4529 634 4592 Liciniani
658 4529 709 4591 lilii
733 4529 855 4591 nomine
875 4525 880 4611 Ι
900 4537 967 4590 test.
990 4546 1061 4608 pou.
1085 4526 1156 4588 iuss.

403 4629 516 4680 Iaderae
534 4628 634 4695 (Zara)
652 4634 682 4680 in
693 4630 832 4681 Dalmatia
851 4628 908 4694 (lll
923 4627 951 4680 S.
962 4630 1035 4680 9994.
1046 4629 1113 4681 9982
1130 4627 1200 4679 uidil
1217 4625 1393 4693 His-salefeld).
1406 4654 1441 4664 -
1461 4627 1485 4692 l)
1502 4623 1605 4676 Eadem

316 4715 415 4766 mulier
431 4719 599 4764 memoratur
617 4714 657 4764 lll
673 4716 746 4764 2040.
