3502 5370
336 355 423 412 utun
440 356 513 412 nat
530 357 559 412 a
576 355 758 413 amasam.
775 383 810 396 -
827 355 873 410 ux
890 355 961 412 nus
978 353 1095 438 44444
1110 335 1260 410 mum.
1372 357 1432 416 444

154 531 197 582 444.
208 556 244 568 -
263 531 307 590 22)
319 516 365 578 'ue
376 527 437 579 44444
448 526 527 580 4444444
538 544 555 578 4
566 525 704 589 frain-idue
716 527 863 580 Aruolilur
880 524 916 586 41.
929 527 1037 578 11444444
1046 542 1074 592 4.
1086 527 1136 588 404
1153 525 1316 591 4144444444
1332 529 1435 582 844444-

153 628 231 666 veru.
244 611 304 664 111¹
320 614 384 676 4444
402 611 533 666 Wierorca
551 610 718 680 Ilealenepol.
730 630 751 666 4.
763 629 787 666 o.
800 610 1026 674 ,44441444444444
1038 610 1116 678 (114.
1127 612 1211 677 4474).
1227 637 1262 652 ·-
1279 615 1323 677 28)
1340 611 1435 683 1441444-

152 706 209 750 ruut
227 696 332 763 legerat
343 695 487 763 4144444444,
503 699 593 749 minue
609 701 690 749 recte.
708 725 742 735 -
760 700 803 763 24)
822 696 862 758 CI.
879 695 1026 748 Buealteler
1043 695 1435 765 ,444444414414444144444

152 783 213 835 4884
223 797 251 848 p.
261 783 309 834 409
327 784 375 849 4444
392 784 461 833 44444
477 782 591 834 Paulum
607 782 684 833 84444
692 797 720 848 p.
732 782 783 834 420
794 782 830 836 Il.
849 779 941 850 (4444444,
957 797 1044 848 genior
1056 783 1153 833 444444
1164 781 1208 833 uel
1215 786 1308 848 4444444
1318 785 1434 852 apinae),

153 867 280 934 44444444.
300 893 334 906 -
358 870 404 934 28)
419 867 477 920 Eri.
493 893 530 908 ·-
555 867 599 932 28)
618 866 731 919 84444444
747 869 862 934 repetivi
878 871 910 918 ul
927 867 1048 918 4444444444
1064 869 1181 918 4444444444
1198 867 1297 918 44444444
1313 869 1434 934 rudibus,

152 955 205 1003 44444
226 952 301 1018 44444
321 954 465 1016 4444444414,
488 950 548 1015 lere
568 953 627 1002 4444
648 951 708 1004 ulla
724 954 865 1004 4444444444
889 952 1061 1004 dictinctione
1078 955 1208 1016 4444444,
1230 953 1340 1019 diremi,
1361 971 1436 1006 44444-

153 1042 193 1088 tue
210 1040 239 1088 in
257 1038 359 1088 44444
375 1037 566 1089 1144444444
583 1035 662 1104 (014.
681 1036 698 1088 1
710 1053 738 1104 4.
755 1037 810 1103 40),
831 1053 909 1104 quem
926 1040 956 1088 in
969 1037 1108 1103 4144444444
1123 1041 1274 1102 sequuntur
1291 1038 1436 1092 Buecheler

153 1137 233 1174 44444.
246 1125 333 1188 epigr.
345 1122 396 1174 n.l
414 1126 442 1172 44
459 1121 580 1190 4444444
592 1121 742 1173 1444444444
753 1120 789 1185 4(
793 1121 876 1174 latin
888 1124 1063 1189 inscriptione
1073 1120 1203 1190 [4444444
1210 1121 1290 1192 4891]
1299 1139 1326 1190 4.
1335 1125 1372 1178 24
1380 1141 1434 1192 444.

153 1207 242 1274 (Alia,
260 1209 350 1258 444444
365 1207 517 1272 probabilia
535 1211 567 1259 ul
583 1208 651 1257 444444
667 1207 782 1270 uidetur,
801 1211 1000 1272 temptauerunt
1016 1206 1079 1270 alii,
1102 1211 1134 1258 ul
1149 1207 1212 1259 Birt
1228 1208 1329 1260 Arena
1347 1208 1368 1272 (.
1387 1211 1434 1264 444.

152 1292 301 1359 84444444.
312 1292 352 1356 44,
361 1292 504 1360 489814900
513 1309 542 1359 4.
551 1292 599 1345 449
605 1293 682 1361 444.).
708 1293 816 1344 14444444
828 1293 900 1344 4444
912 1292 1012 1358 lapidis
1024 1292 1226 1344 444444444444444
1237 1291 1435 1348 nassiterna.

152 1377 209 1432 444.
221 1394 294 1430 non.
307 1375 505 1444 4441144444
527 1377 652 1429 IIueIner
669 1393 712 1430 ea.
724 1380 818 1443 444444.
829 1380 915 1443 44444.
933 1393 959 1430 n.
971 1378 1045 1430 4084.
1079 1377 1121 1428 Ile
1137 1380 1361 1445 Interpretalione
1377 1383 1436 1448 4444

152 1467 232 1515 etiam
250 1462 352 1514 Iordan
370 1462 576 1527 1444484444444
590 1479 620 1530 p.
632 1463 744 1528 498444.
756 1490 791 1502 -
808 1464 853 1527 ut)
871 1461 933 1514 8411
951 1461 1015 1528 814,
1042 1465 1085 1528 28)
1103 1462 1211 1515 elteroie
1229 1462 1299 1530 44444
1316 1463 1434 1532 (44144-

152 1548 204 1600 444
217 1547 308 1602 um.
319 1549 364 1614 44,
375 1548 440 1600 4818
449 1549 557 1614 aaut).
567 1575 602 1586 —
619 1549 663 1612 29)
680 1546 792 1614 Reliqua
807 1551 960 1614 4444444444
978 1551 1009 1599 44
1022 1551 1104 1614 parte
1118 1563 1212 1600 444444
1230 1549 1338 1601 ludulae
1356 1553 1436 1602 4444444

152 1635 250 1700 4444444
267 1635 349 1684 444444
366 1633 465 1686 444444.
500 1632 555 1685 844
570 1633 631 1684 uide
649 1637 711 1683 acta
730 1635 797 1684 44444
812 1633 864 1686 249
883 1631 930 1694 (Ν.
941 1633 1029 1701 4040).

235 1817 323 1890 54140
353 1816 516 1907 [444444411
539 1833 610 1884 sunt
632 1839 700 1884 cum
723 1821 821 1902 pultes
844 1832 999 1902 contegar.
1022 1831 1053 1883 et
1074 1824 1186 1903 precati
1209 1833 1281 1886 444444
1302 1834 1332 1886 et
1345 1826 1435 1887 osteis

151 1923 261 2003 apertis
287 1942 342 2004 per
363 1925 470 1987 clivum
492 1925 686 1998 iactaverunt,
717 1923 722 2007 Ι
752 1925 851 1987 deind.
873 1924 996 1987 subsell.
1019 1944 1123 1996 marm.
1146 1925 1268 1988 caused.
1289 1935 1320 1987 44
1341 1943 1435 2005 panes

151 2024 240 2088 leur.¹
263 2043 319 2105 per
340 2024 452 2106 public.
474 2027 574 2106 partiti
595 2036 676 2102 sunt,
699 2037 729 2088 et
750 2028 819 2090 deas
841 2035 1113 2108 444444444444444444,
1133 2025 1137 2110 Ι
1158 2036 1188 2088 et
1207 2027 1271 2089 aed.
1293 2026 1375 2089 clusa
1396 2046 1433 2104 e.‚

151 2146 232 2189 omn.
257 2128 337 2189 foras
357 2127 460 2202 exier.‚
488 2128 529 2190 ibi
551 2129 721 2191 sacerdotes
743 2129 817 2192 elusi
840 2130 996 2203 succinet,
1026 2129 1133 2191 libellis
1160 2147 1232 2202 acc..
1263 2148 1354 2193 carm
1376 2130 1434 2192 dic.

151 2230 350 2311 tripodavcr.⁸,
372 2229 480 2292 deinde
503 2230 590 2310 signo
612 2232 679 2292 dato
703 2230 786 2312 publ.
808 2232 943 2294 introier.
967 2241 998 2294 et
1019 2231 1109 2294 libell.
1128 2249 1226 2311 recep.
1249 2240 1280 2292 et
1302 2241 1370 2293 ente
1392 2231 1434 2293 ia-

150 2351 240 2396 nuam
273 2332 345 2394 deae
371 2331 442 2394 Diae
469 2334 653 2396 adstiterunt
679 2343 710 2394 et
737 2328 897 2420 eolrona[e]
926 2335 1060 2396 derectas
1088 2351 1144 2413 per
1172 2351 1280 2396 comm.
1307 2332 1435 2395 citante⁴

149 2435 296 2516 4444444144.
325 2433 524 2496 inferentibus
551 2452 616 2496 aras
646 2443 846 2514 contegerunt
870 2444 900 2497 st
925 2436 997 2500 deae
1026 2431 1195 2522 coroneltae
1222 2443 1307 2509 sunt;
1340 2444 1370 2496 et
1397 2435 1434 2497 de

150 2535 357 2600 Saturnalibus
382 2535 500 2616 primis¹
523 2535 655 2599 Flavium
677 2537 880 2600 Archesilaum
907 2557 982 2619 mag.
1005 2547 1183 2602 creaverunt
1210 2537 1311 2617 ibique
1339 2537 1434 2599 lelicia

150 2640 241 2702 dixer.
274 2635 279 2720 Ι
313 2647 343 2700 et
367 2637 559 2700 descidorunt
582 2637 693 2700 lucum.
738 2637 886 2720 Depositis
911 2641 1073 2722 praetextis
1098 2640 1249 2703 cenatoria
1278 2639 1343 2702 albe
1370 2658 1434 2703 ecc.

149 2751 177 2804 et
198 2743 230 2804 in
255 2741 410 2822 tetraston
432 2735 568 2825 44441444)
590 2750 662 2803 sunt
680 2739 685 2824 1
706 2759 806 2805 moras
821 2748 885 2818 (444)
909 2763 1037 2826 pompae
1059 2744 1090 2805 in
1115 2743 1300 2824 tetrastylum
1323 2742 1434 2805 lancula

149 2863 214 2907 cum
238 2843 393 2925 campanio
420 2841 628 2906 eternalibus
654 2843 741 2905 mulsi
767 2845 953 2924 singulorum
976 2843 1195 2930 trenlsierunt⁸.
1239 2847 1312 2908 Post
1333 2845 1435 2926 epulas

149 2947 299 3028 sportulas
321 2965 421 3028 accep.
436 2946 545 3025 singul.
560 2962 655 3026 praes.
674 2940 727 3031 [X]
742 2946 783 3008 (ζ’
803 2957 834 3009 et
854 2967 953 3011 rosam
967 2949 1056 3011 solut.
1072 2967 1133 3010 acc.
1156 2957 1187 3010 ct
1207 2949 1303 3010 felicia
1318 2949 1410 3011 dixer.
1428 2943 1434 3032 Ι

149 3049 262 3112 Deinde
291 3047 667 3129 44444.441.84444444144444
694 3049 805 3111 latum·
834 3052 940 3114 sumsit
967 3061 997 3113 et
1024 3043 1205 3136 [r]icinium;
1241 3069 1432 3131 superaccep.

149 3171 253 3215 coron.
270 3152 410 3233 pectilem
432 3147 557 3236 rasulam
580 3161 610 3212 et
629 3170 722 3233 super
744 3170 878 3215 carceres
900 3154 1053 3217 adscendit
1074 3162 1105 3214 et
1125 3153 1202 3232 sign.
1223 3152 1434 3233 4444414414.

148 3253 268 3317 desult'
291 3248 411 3339 [ati]sit‚
432 3248 864 3340 4444414141[1444414441144
884 3253 888 3337 Ι
909 3264 941 3317 44
962 3254 1071 3317 Saenia
1087 3256 1203 3316 Donato
1225 3254 1261 3315 ad
1284 3266 1395 3317 cretam
1403 3254 1434 3320 ¹¹.

232 3355 302 3418 xllt
318 3355 348 3418 14.
363 3355 453 3416 luu.¹¹
471 3355 476 3438 )
497 3355 527 3418 in
550 3355 671 3417 domum
693 3357 727 3417 P.
742 3357 805 3418 Aeli
821 3355 985 3420 Secundini
1008 3355 1293 3437 444441444444441.
1309 3355 1345 3416 44
1360 3373 1435 3418 con·

149 3478 255 3522 sumna
280 3457 406 3522 sacrific.
429 3458 500 3520 deae
522 3458 592 3520 Iliae
615 3469 836 3535 convenerunt,
856 3455 863 3539 Ι
882 3469 911 3520 ct
933 3459 1043 3539 epulati
1065 3468 1149 3532 sunt,
1173 3465 1203 3519 et
1226 3466 1292 3518 turc
1315 3465 1345 3518 ct
1365 3457 1434 3519 vino

150 3563 297 3635 lecerunt,
321 3559 531 3622 ministrantib.
554 3578 639 3640 puer.
662 3561 778 3642 patrim.
801 3570 831 3623 et
853 3560 980 3622 matrim.
1003 3569 1132 3622 senator.
1153 3560 1158 3639 Ι
1177 3559 1233 3620 iilis
1258 3559 1309 3638 qui
1332 3577 1434 3640 supra,

150 3665 251 3744 lruges
278 3663 383 3725 litatae
411 3671 496 3736 sunt,
524 3679 580 3744 por
608 3663 786 3725 calatoribus
814 3661 1051 3725 ministrantibus
1080 3673 1110 3723 et
1139 3679 1193 3742 per
1215 3679 1326 3742 pueros
1348 3680 1433 3741 prae-

151 3764 286 3850 texltatos
314 3781 382 3826 oum
410 3763 539 3845 publicis
568 3764 603 3825 ad
633 3783 713 3827 aram
742 3763 923 3839 retulerunt,
955 3763 1063 3827 deinde
1091 3762 1276 3845 lampadibus
1303 3764 1435 3826 incensis

151 3869 261 3948 pariter
282 3860 472 3951 tusc[anic]as
494 3871 612 3939 (444444
629 3872 781 3941 uariunt).

236 3987 268 4038 In
279 3983 372 4037 4404414
384 3985 492 4050 reperta
503 3984 533 4033 in
545 3984 624 4034 uinea
638 3981 861 4034 Ceacnrellioruen
873 3999 898 4038 a.
910 3982 983 4047 4888,
1001 3983 1167 4048 4444444444
1185 3982 1222 4033 44
1231 3987 1292 4034 4444
1311 3985 1378 4033 anni
1387 3985 1435 4046 90,-

152 4069 259 4121 4444444444
280 4084 334 4120 erre
354 4083 421 4132 4444
442 4072 566 4119 actorum
587 4071 655 4120 anni
671 4067 723 4119 849
746 4068 897 4134 (4414067)
924 4067 1030 4119 1144444
1053 4071 1104 4119 444.
1123 4068 1188 4119 ,444.
1207 4083 1236 4134 p.
1255 4065 1383 4132 CCVIII).
1400 4093 1435 4105 -

154 4155 178 4216 4)
194 4155 333 4206 1444444444
349 4155 415 4204 4444
432 4151 470 4203 all
485 4167 564 4203 44444
582 4153 639 4204 diei
654 4153 766 4205 secundi
769 4165 780 4220 ,·
798 4151 835 4214 al:
853 4169 884 4204 ea
902 4167 971 4220 44444
987 4154 1159 4219 praecedunt.
1170 4180 1206 4192 -
1224 4152 1250 4215 2)
1269 4151 1434 4214 Laureolo&

153 4236 188 4299 44.
204 4237 241 4292 Ν.
251 4239 327 4292 4049.
344 4265 377 4276 -
393 4237 421 4302 3)
439 4235 553 4289 carmen
570 4237 687 4290 dicenter
704 4238 911 4304 44444444444444
929 4236 1030 4305 (iprum
1047 4253 1156 4290 4444444
1173 4253 1228 4289 non
1244 4235 1389 4304 refertur).
1400 4263 1435 4275 -

153 4325 178 4386 4)
194 4323 243 4376 844
260 4323 336 4390 14444.
370 4321 522 4375 ammian
539 4322 841 4390 444444444411444444444
857 4338 901 4389 44.
918 4323 1071 4376 Hennensem
1084 4340 1114 4391 p.
1124 4324 1171 4377 44.
1190 4349 1226 4361 -
1249 4323 1275 4385 44)
1294 4321 1434 4386 Intellege.-

152 4410 181 4458 in
198 4407 359 4460 Saturnalia
374 4407 500 4460 secunda.
526 4433 561 4446 —
587 4410 614 4472 6)
632 4407 730 4458 114444
753 4404 790 4469 44.
808 4407 915 4459 11444444
930 4423 958 4474 4.
973 4409 1019 4462 44.
1045 4437 1079 4448 -
1106 4413 1131 4476 l)
1150 4407 1260 4474 Singuli
1281 4409 1435 4472 4444444444

153 4491 279 4544 44444444
289 4491 658 4560 44444444(414441.44444.1(4
670 4494 761 4559 44444).
771 4520 806 4530 -
817 4495 844 4558 8)
855 4493 961 4557 Latum,
974 4493 1100 4560 intellege
1111 4494 1266 4546 clauum-
1278 4495 1304 4555 9)
1317 4490 1433 4556 44444444·-

150 4581 205 4642 444,
221 4578 299 4642 diple,
316 4575 680 4647 animumanimum
691 4578 854 4647 441.44).-
873 4580 914 4642 10)
926 4579 1150 4632 444444444444444.
1160 4607 1192 4617 -
1213 4581 1256 4643 11)
1274 4575 1314 4639 Cf.
1327 4577 1434 4628 Hannon

152 4677 178 4724 4.
189 4663 235 4714 48.
251 4689 284 4700 -
303 4664 345 4728 12)
364 4662 428 4712 Dies
445 4665 542 4713 44444444
559 4663 633 4714 sacri
650 4662 716 4713 deae
732 4662 808 4714 Iliae.
845 4662 886 4725 Cf.
903 4678 962 4715 eane
980 4681 1048 4730 quae
1065 4667 1197 4730 4444444444.
