3546 5378
845 363 936 434 ceput
952 364 1041 422 XIIII.

670 639 748 714 Lex
774 638 960 736 municipii
988 635 1216 736 Salpenseni

389 807 476 879 Μ
525 805 579 894 [Il.
627 807 670 872 Ut
702 812 956 889 mopr'strotes
988 812 1188 871 civitatem
1220 807 1418 871 Ilomonaot
1456 825 1588 870 eonse-

622 920 799 993 cuncter.

390 1014 467 1077 XXI.
513 1013 625 1087 ..Qut
644 1011 724 1076 Ilor'r·
744 1013 848 1076 oedilr'r
868 1022 1001 1094 quantor
1023 1031 1062 1075 ec
1082 1011 1134 1076 loc
1151 1013 1208 1093 Iope
1229 1013 1327 1092 sodes
1347 1015 1413 1088 erit,
1434 1015 1510 1074 ciues
1527 1011 1589 1075 Ilo·

301 1121 385 1181 mani
414 1129 516 1193 sunto,
549 1135 615 1180 eum
642 1127 709 1200 post
741 1135 854 1178 oneum
886 1110 1071 1202 monueram]
1099 1112 1112 1200 Ι
1139 1114 1281 1190 abierint,
1315 1133 1382 1178 oum
1412 1114 1590 1196 parenubns

302 1219 541 1300 coniugibusque
570 1219 626 1280 hac
654 1217 767 1293 Iiberi¹‚
802 1217 854 1298 qui
884 1216 1034 1296 legitumis
1064 1217 1167 1299 nuptis
1196 1217 1320 1297 quaesiti
1349 1217 1380 1279 in
1411 1227 1589 1298 potestatem

302 1322 471 1404 parentium
493 1319 646 1395 luerunt¹,
669 1321 740 1382 Item
765 1318 927 1403 nepotibus
947 1337 982 1382 ac
1002 1318 1144 1401 neptibus
1166 1319 1227 1381 fllio
1246 1316 1252 1402 Ι
1272 1319 1403 1394 nataIIs¹‚
1426 1319 1477 1400 qui
1495 1337 1591 1400 quae·

303 1441 361 1504 qne
383 1425 414 1487 in
437 1432 583 1506 potestate
605 1422 774 1504 parentium
798 1421 925 1486 luerint:
955 1421 1025 1482 dom
1049 1440 1088 1483 ne
1111 1421 1243 1503 plures⁸·
1265 1439 1291 1484 c.
1315 1421 1362 1484 Il.⁴
1381 1417 1386 1504 Ι
1412 1421 1481 1494 sint,
1511 1423 1590 1502 qua‘

299 1525 386 1606 ,quod
409 1544 445 1588 ex
467 1525 496 1587 b.
519 1524 551 1591 tt
573 1525 761 1606 magistratus
782 1541 885 1586 creare
906 1532 1036 1604 oportet.

345 1663 394 1726 II.I
430 1661 474 1725 Ut
494 1663 558 1743 qui
580 1662 721 1725 civitat.
743 1660 894 1724 Iloman.
917 1669 1220 1740 consequantur,
1250 1669 1426 1722 maneant
1453 1661 1490 1723 in
1522 1680 1591 1724 eo·

432 1765 589 1827 rundem
611 1781 651 1825 m.
675 1763 726 1825 m.⁸
748 1761 753 1847 Ι
774 1772 979 1845 potestate.
1000 1760 1005 1845 Ι

387 1852 478 1930 XXII.
522 1865 581 1938 Oui
604 1866 758 1946 quaeque⁸
788 1885 823 1928 ex
852 1867 882 1932 b.
905 1864 937 1928 I‘
961 1883 1032 1928 exve
1055 1864 1120 1928 ex¹⁰
1147 1865 1244 1928 edicto
1266 1865 1338 1946 imp.
1361 1862 1491 1928 Caesaris
1512 1867 1590 1946 Aug.

304 1969 487 2050 Vespasiani,
509 1967 617 2048 Impre
639 1967 697 2030 'liti
718 1965 723 2050 Ι
743 1967 875 2030 Caesaris
896 1969 983 2048 Aug..
1005 1978 1057 2030 aut
1078 1968 1149 2048 imp.
1173 1965 1305 2030 Caesaris
1327 1969 1403 2048 bug.
1417 1967 1590 2044 Domitiani,

302 2090 332 2153 p.
355 2073 419 2153 p.¹¹‚
447 2071 593 2134 civitatem
615 2069 741 2134 Iloman.
762 2067 767 2152 Ι
791 2079 972 2134 consecutus
994 2079 1155 2134 consecuta
1178 2069 1248 2131 erit:
1279 2070 1304 2132 is
1326 2087 1360 2131 ea
1382 2069 1414 2132 in
1436 2070 1510 2142 eius,
1538 2072 1591 2151 qui

303 2190 330 2234 o.
353 2171 413 2235 Il.¹¹
438 2173 468 2235 b.
491 2172 523 2234 t·
551 2174 647 2236 Iactus
670 2173 735 2246 erit,
764 2181 911 2254 potestate
937 2169 942 2257 Ι
969 2191 1061 2235 mann
1083 2171 1243 2253 mancipio,
1272 2172 1357 2235 onius
1379 2190 1443 2234 esse
1466 2171 1593 2235 deberet

303 2273 328 2336 si
351 2274 468 2336 civitate
490 2274 652 2338 llomana¹⁸
675 2283 805 2337 mutatus
833 2270 838 2358 Ι
868 2284 979 2338 mutata
1003 2293 1065 2366 non
1088 2283 1175 2350 esset,
1198 2282 1272 2349 esto,
1302 2273 1391 2354 idque
1413 2275 1460 2336 ius
1481 2275 1591 2337 tutoris

304 2375 427 2455 optandi
449 2375 566 2452 habeto,
589 2379 669 2458 qnod
690 2375 695 2461 Ι
714 2376 847 2448 baberet.
870 2377 895 2440 si
917 2395 934 2438 a
957 2378 1020 2440 cive
1035 2377 1171 2439 Ilomano
1193 2383 1278 2439 ortus
1299 2384 1364 2438 orta
1388 2393 1457 2455 neq.
1473 2376 1591 2440 civitate

303 2487 434 2540 mutatus
456 2475 577 2562 multata
598 2489 686 2542 esset.

345 2613 383 2674 II.
415 2613 456 2675 Ut
478 2615 541 2695 qni
564 2633 590 2678 c.
606 2615 666 2678 Ι).ιι
688 2627 988 2697 consequentur,
1012 2615 1095 2677 iura
1119 2612 1346 2676 libertorum
1368 2611 1589 2700 retineant}

388 2714 492 2778 XXIII.
537 2716 595 2789 Qui
617 2735 729 2798 quaere
751 2719 808 2780 ¹⁸b.
830 2717 852 2780 I.
874 2736 946 2781 exre
967 2717 1064 2780 edicto
1087 2718 1159 2798 imp.
1180 2715 1261 2779 Caes.
1279 2715 1365 2798 Vesp.
1381 2717 1455 2797 dog.
1479 2717 1589 2798 Impre

303 2816 361 2878 'liti
384 2815 467 2881 Caes.
490 2816 659 2899 Vespasian.
682 2823 738 2882 du.
768 2815 773 2903 Ι
803 2828 855 2882 aut
882 2820 954 2901 imp.
977 2819 1059 2882 Caes.
1083 2818 1242 2882 Domitiani
1263 2820 1340 2898 Aug.
1369 2837 1395 2880 o.
1418 2817 1453 2881 Il.
1478 2836 1587 2880 conse·

304 2928 391 2981 cutus
413 2929 574 2982 consecuta
596 2921 666 2982 erit:
695 2921 720 2984 is
742 2922 773 2982 ln
794 2919 798 3003 Ι
817 2920 941 2985 libertos
964 2921 1120 2984 libertasse
1142 2940 1212 2984 suos
1234 2939 1302 2984 suas
1324 2929 1467 3002 paternos
1488 2929 1589 3000 pater·

305 3039 369 3096 nas,
392 3023 443 3102 qui
466 3040 543 3103 quae
565 3022 595 3084 in
620 3041 646 3085 o.
662 3021 721 3086 Il.¹⁴
744 3019 829 3109 [n]‘on
850 3021 855 3106 Ι
874 3025 999 3098 venerit,
1021 3023 1118 3103 deque
1139 3021 1228 3086 bonis
1250 3039 1354 3084 eorum
1377 3039 1477 3084 earum
1500 3032 1530 3084 et
1552 3023 1588 3095 is,

304 3141 381 3203 quae
401 3123 547 3188 libertatis
575 3143 662 3190 eausa
684 3127 813 3208 inposita
842 3125 846 3209 Ι
875 3137 956 3201 sunt,
986 3127 1064 3189 idem
1094 3127 1140 3188 lus
1162 3124 1325 3205 eademque
1352 3123 1489 3187 condicio
1512 3133 1588 3196 esto,

303 3242 379 3305 quae
401 3237 487 3300 esset„
510 3227 535 3289 si
558 3229 675 3291 ciuitate
697 3228 846 3292 mutatis¹⁰
866 3227 870 3311 Ι
891 3227 1048 3291 mutatae¹'
1071 3247 1133 3291 non
1157 3237 1244 3290 esset

345 3361 383 3424 It.
424 3362 473 3425 Ile
495 3365 694 3444 praelecto
718 3366 801 3447 imp.
824 3365 1001 3428 Caesaris
1023 3363 1230 3428 Domitiani
1252 3365 1337 3444 ling.
1359 3361 1364 3445 Ι

388 3463 506 3527 XXIIII.
551 3465 581 3528 Si
605 3467 670 3530 eins
691 3467 836 3550 municipi
859 3467 1039 3530 decuriones
1066 3466 1265 3548 conscriptive
1291 3465 1492 3547 municipesre
1515 3465 1588 3548 imp.

303 3564 464 3630 Caesaris¹⁸
487 3568 645 3632 Domitian.
671 3567 676 3654 Ι
701 3571 777 3650 dog.
800 3589 830 3652 p.
853 3590 883 3653 p.
906 3569 1059 3633 IIvIratum
1082 3569 1235 3632 communi
1258 3568 1380 3630 nomine
1402 3566 1589 3649 municipum

303 3671 368 3731 eius
382 3670 525 3752 municipi
541 3669 756 3756 deltnlerant¹⁹‚
780 3673 919 3754 imp.re'⁰
941 3671 1100 3736 Domitiani
1108 3672 1129 3706 ¹¹
1152 3671 1314 3735 Caesaris¹¹
1335 3671 1410 3751 Ing.
1425 3689 1456 3752 p.
1471 3689 1500 3752 p.
1518 3689 1588 3732 eum

294 3769 457 3844 ¹IIviratum
480 3775 630 3856 receperit
648 3771 653 3859 Ι
673 3785 703 3837 et
724 3776 791 3838 Ioco
813 3795 868 3840 suo
892 3777 1076 3857 praelectum
1100 3793 1188 3855 quem
1211 3793 1276 3837 esse
1297 3774 1432 3836 iusserit:
1455 3773 1480 3835 is
1500 3791 1590 3853 prae·

303 3871 399 3937 lectus
421 3892 456 3935 eo
479 3875 542 3936 ve¹⁸
564 3886 637 3954 esto,
661 3895 720 3959 quo
740 3873 745 3962 Ι
766 3890 844 3941 esset
865 3877 890 3941 si
913 3897 982 3940 enm
1005 3877 1086 3940 IIvir.
1109 3877 1129 3938 i.
1151 3876 1205 3940 d.²⁴
1226 3895 1262 3938 ex
1283 3875 1351 3938 b.l.
1374 3875 1470 3938 solum
1492 3876 1590 3938 creari

304 3975 493 4054 oportuisset,
516 3976 600 4055 isque
622 3997 659 4041 ex
681 3980 711 4042 h.
733 3980 754 4043 l.
776 3980 858 4044 solus
878 3977 883 4062 Ι
904 3980 975 4044 llrir
996 3981 1016 4042 i.
1038 3981 1067 4042 d.
1090 3988 1207 4042 creatus
1229 3987 1316 4042 esset.

392 4144 416 4206 1)
435 4143 492 4196 Sor.
509 4159 539 4196 sc
556 4143 657 4212 liberis,
684 4147 710 4210 2)
727 4144 833 4213 inerint,
862 4149 888 4211 3)
906 4147 982 4200 natis.
1007 4175 1040 4185 -·
1065 4148 1103 4211 θ’)
1122 4145 1283 4196 Prohibetur
1300 4159 1334 4196 ne
1350 4145 1590 4210 compationibus

303 4231 392 4280 maior
409 4243 550 4280 numerum
567 4231 734 4298 municipum
755 4229 794 4282 od
810 4234 947 4284 oioitatem
963 4234 1115 4298 perveniat.
1151 4227 1191 4291 Cf.
1209 4228 1355 4281 Mommsen
1373 4229 1475 4282 Stodtr.
1492 4243 1520 4295 p.
1538 4231 1590 4281 tot

303 4318 358 4366 not.
369 4316 421 4378 ta‚·
438 4311 592 4375 Hirschfeld
607 4329 658 4366 sacr
677 4313 768 4366 (imola.
787 4315 832 4367 das
849 4314 899 4368 lat.
916 4314 1012 4369 lleebts
1026 4333 1056 4383 p.
1067 4319 1094 4369 d.
1106 4345 1139 4354 -
1158 4317 1185 4380 I)
1204 4313 1279 4365 troas
1296 4311 1418 4366 Romani.
1430 4341 1466 4353 -
1483 4317 1508 4378 b)
1528 4313 1589 4368 Ser.

304 4411 390 4466 quam.
407 4425 440 4436 -
459 4399 485 4462 6)
503 4399 560 4451 Hoc
578 4399 642 4465 laga.
659 4429 694 4440 -
716 4403 741 4464 t)
759 4399 886 4452 Iludrr'cn.
903 4431 936 4440 -
955 4401 980 4466 8)
998 4401 1137 4466 Mancipio
1155 4414 1237 4450 manu
1255 4401 1334 4464 (mom
1352 4403 1392 4450 ast
1408 4401 1439 4449 in
1455 4405 1540 4464 aere).
1555 4427 1591 4438 -

303 4485 332 4547 9)
351 4483 409 4537 Sor.
426 4497 534 4552 quaere
559 4512 593 4522 —
616 4486 657 4550 10)
675 4485 741 4536 Delo
759 4500 799 4541 ex.
822 4513 856 4524 -
883 4487 924 4550 11)
942 4486 1032 4537 Patria
1047 4487 1162 4553 patriae.
1185 4513 1220 4524 -
1243 4484 1284 4548 12)
1304 4483 1375 4536 ciart
1391 4482 1538 4536 Ilomnnara.
1555 4511 1591 4522 -
1665 4517 1670 4528 .

306 4567 347 4630 lb)
365 4567 430 4618 bats
442 4565 608 4622 Romans.-
627 4571 670 4636 11)
688 4569 828 4624 Civitatem
839 4567 997 4624 Romanam.
1011 4599 1043 4609 -
1064 4573 1105 4636 lb)
1124 4570 1214 4622 Insere
1230 4583 1269 4622 ex.
1281 4597 1316 4608 -
1337 4569 1377 4634 16)
1394 4568 1453 4622 Ser.
1465 4571 1590 4631 moulan,

307 4654 348 4716 li)
372 4655 477 4705 mutua
500 4681 535 4691 -
563 4657 603 4720 18)
627 4655 685 4710 Sor.
703 4655 812 4710 Caesari
834 4685 869 4695 -
896 4657 937 4720 19)
960 4655 1019 4707 Sor.
1038 4653 1185 4710 detulerint.
1211 4684 1246 4694 -
1272 4655 1315 4720 20)
1337 4653 1395 4706 Sor.
1412 4653 1536 4721 impqne.
1555 4679 1590 4692 -

305 4736 348 4798 21)
366 4735 425 4789 Ser.
443 4735 616 4805 Domitianus,
643 4741 687 4805 22)
705 4740 807 4794 Caesar.
825 4769 858 4780 -
882 4741 926 4805 23)
944 4739 1003 4792 Ser.
1020 4739 1083 4794 inre.
1102 4767 1135 4778 -
1154 4742 1197 4806 24)
1214 4739 1277 4792 Insa
1294 4738 1420 4792 dicundo.
