3546 5378
317 361 322 368 ’
431 369 517 426 Tituli
534 371 722 441 municipales.
735 402 768 412 -
787 372 847 428 Lex
858 374 999 443 municipii
1010 374 1181 432 bialaoitani.
1388 377 1450 436 523

174 543 318 624 municipi
340 543 404 607 eius
419 544 572 626 municipii
592 545 597 630 Ι
618 546 668 627 qui
684 546 771 622 volet,
792 547 901 658 cu'pqne
916 566 972 629 per
991 548 1021 609 b.
1038 549 1058 611 i.
1080 543 1211 636 lioe[i]it,
1234 551 1310 612 aetio
1326 549 1453 634 petitio!

173 647 342 728 persecutio
364 655 436 709 esto.
457 645 463 725 Ι

217 785 254 846 li.
291 783 339 846 De
367 783 634 848 locationibus
662 785 889 867 legibusque
916 785 1161 873 locatioinum
1189 790 1454 872 proponendis

289 897 326 949 et
347 887 382 948 in
406 886 554 950 tabulas
575 884 775 973 mulnicipi
798 891 1026 953 referendis.
1046 888 1051 976 Ι

260 988 361 1052 lxiii.
406 990 463 1062 Qui
487 989 558 1053 llvir
579 992 598 1054 i.
621 992 648 1052 d.
672 991 734 1072 p.⁸¹,
767 992 919 1073 vectigalia
945 993 1083 1073 ultroque
1109 994 1234 1067 tributa,
1265 993 1269 1077 Ι
1300 995 1359 1058 sive
1382 995 1452 1074 quid

175 1095 247 1156 aliut
262 1091 412 1155 communi
436 1093 557 1154 nomine
580 1089 773 1174 municilpum
797 1095 871 1156 eiius
887 1095 1028 1176 municipi
1051 1095 1142 1158 locari
1157 1097 1315 1177 oportebit,
1338 1094 1453 1182 lolcato.

175 1198 314 1276 Quasque
337 1195 498 1258 locationes
521 1196 624 1258 iecerit
646 1215 777 1276 quasque
797 1192 803 1277 Ι
821 1196 901 1277 leges
923 1197 1039 1269 dixerit,
1062 1199 1164 1278 quanti
1187 1199 1250 1278 quit
1265 1198 1394 1261 locatum
1417 1199 1455 1260 sit

176 1296 237 1363 et³⁸
257 1298 391 1381 praeldes
413 1297 527 1378 cocepti
549 1297 610 1359 sint
630 1316 766 1381 quaeque
788 1299 907 1380 praedia
930 1298 1047 1362 subdita
1069 1297 1076 1383 Ι
1098 1300 1268 1380 subsignata
1291 1300 1453 1380 obligatare

175 1403 237 1464 sint
258 1402 367 1483 quique
402 1395 597 1480 praeldiorum
626 1399 796 1479 cognitores
824 1402 937 1482 accepti
963 1402 1037 1476 sint,
1070 1403 1101 1463 in
1127 1397 1252 1487 tabulina
1281 1421 1455 1465 communes

176 1504 360 1584 municipum
381 1503 445 1565 eius
460 1507 524 1577 (sie)
544 1495 686 1584 municipi
705 1498 711 1583 Ι
731 1503 900 1564 referantur
914 1503 1002 1566 incito
1025 1513 1055 1565 et
1074 1505 1227 1585 proposita
1247 1504 1355 1567 babeio
1370 1524 1426 1587 per
1445 1507 1451 1584 Ι

177 1625 266 1670 omne
288 1606 432 1686 reliquom
453 1615 571 1687 tempus
592 1605 717 1668 honoris
738 1606 799 1679 sui,
828 1605 867 1667 ita
890 1615 923 1667 ut
942 1603 947 1689 Ι
970 1606 1044 1687 dp.
1068 1625 1092 1668 r.
1115 1606 1135 1668 i.
1156 1606 1206 1687 p.¹,
1230 1626 1290 1689 quo
1313 1608 1378 1670 loco
1401 1609 1453 1670 de-

175 1709 314 1770 curiones
337 1703 543 1790 conscriptilre
565 1708 761 1788 proponenda
784 1726 849 1770 esse
871 1708 1053 1771 censuerint
1075 1706 1079 1790 Ι

218 1845 255 1907 lt.
292 1845 338 1907 De
360 1843 597 1924 obligatione
619 1844 800 1924 praedam
822 1843 1056 1925 praediorum
1077 1841 1082 1929 Ι
1101 1841 1452 1930 cognitorumque.}

261 1947 360 2009 LXIV.
404 1947 592 2026 Quicumque
620 1948 652 2008 in
680 1947 844 2028 municipio
874 1947 973 2009 Flavio
1000 1946 1175 2009 Malaoitaoo
1205 1946 1210 2030 Ι
1242 1949 1454 2010 incommune

174 2051 361 2132 municipum
382 2051 457 2111 eiius
479 2049 623 2131 municipi
652 2047 658 2132 Ι
687 2050 812 2130 praedes
834 2049 903 2111 iacti
925 2059 996 2111 sunt
1018 2059 1120 2123 erunt,
1148 2069 1284 2130 quaeque
1307 2049 1425 2130 praedia
1446 2047 1451 2132 Ι

175 2165 295 2236 accepta
310 2163 382 2216 sunt
396 2162 493 2224 erunt,
518 2154 628 2233 quique
644 2171 748 2214 eorum
771 2153 972 2233 praeldiornm
994 2152 1165 2230 cognitores
1180 2153 1248 2213 iacti
1264 2162 1335 2214 sunt
1349 2162 1454 2214 erunt:

175 2258 195 2318 ii
219 2252 335 2341 omlnes
357 2265 388 2317 et
410 2273 485 2335 quae
500 2255 656 2335 cuiiusque
678 2272 781 2316 eorum
800 2250 896 2315 tum³⁴
917 2264 1016 2328 erunt,
1039 2271 1107 2315 oum
1126 2251 1131 2337 Ι
1151 2271 1255 2333 praees
1265 2260 1328 2328 (sie)
1351 2255 1455 2334 cogni·

175 2369 259 2421 torre
278 2361 374 2420 iaetus
389 2367 434 2420 est
448 2359 514 2432 crit,
537 2375 672 2437 quaeque
695 2352 812 2439 positea
827 2376 901 2431 esse,
925 2375 992 2418 oum
1016 2359 1034 2419 ii
1058 2356 1179 2436 obligati
1202 2375 1266 2418 csse
1288 2357 1456 2437 coeperiint

175 2463 217 2540 cel
223 2462 322 2543 periet
329 2457 361 2535 ³⁵,
384 2461 434 2539 qui
450 2477 553 2521 eorum
569 2459 658 2521 soluti
673 2458 848 2539 liberalique
872 2477 934 2520 noo
949 2467 1020 2520 sunt
1039 2460 1044 2539 Ι
1064 2478 1124 2520 non
1142 2467 1233 2520 erunt
1247 2467 1297 2518 aut
1311 2476 1374 2519 nou
1389 2457 1454 2520 sine

175 2567 204 2628 d.
219 2584 260 2627 m.
282 2575 354 2627 sunt
367 2574 467 2637 erunt,
489 2563 594 2642 eatque
617 2562 729 2634 omnia,
753 2558 920 2641 quaeque³⁶
942 2580 1045 2623 eornm
1067 2562 1161 2623 solute
1184 2557 1376 2643 liberataique
1392 2579 1453 2622 non

174 2677 247 2731 sunt
268 2686 330 2729 non
353 2675 443 2728 erunt
463 2674 590 2726 autnon
606 2665 671 2726 sine
690 2659 695 2746 Ι
714 2664 742 2725 d.
759 2683 797 2726 m.
814 2675 885 2726 sunt
900 2675 998 2737 erunt,
1019 2664 1050 2726 in
1066 2681 1225 2725 commune
1241 2663 1425 2742 municipum
1447 2659 1453 2744 Ι

175 2772 251 2833 eiius
272 2768 426 2848 municipii
455 2767 525 2830 item
554 2767 675 2848 obligati
705 2765 918 2847 oblilgataeque
936 2774 1002 2841 (eie)
1031 2776 1131 2840 sunto,
1164 2766 1206 2826 nti
1237 2766 1256 2826 ii
1285 2783 1372 2826 caera
1390 2772 1454 2838 (ete)

174 2892 204 2955 p.
227 2869 289 2935 ΙΨ
311 2869 431 2950 obligati
453 2867 625 2953 obliigatare
648 2881 757 2945 essent,
779 2872 804 2933 si
828 2879 899 2951 aput
920 2888 981 2946 ecs,
1004 2869 1055 2950 qui
1074 2870 1186 2932 Romae
1208 2864 1331 2951 aerairio
1353 2885 1455 2948 praes-

174 2984 251 3052 sent,
273 2975 293 3036 ii
316 2974 439 3054 praedes
461 2967 597 3059 i[i]que³⁸
619 2971 799 3057 cognitoires
816 2973 883 3034 iacti
899 2991 992 3051 eaque
1008 2970 1126 3051 praedia
1142 2971 1257 3033 subdita
1273 2969 1456 3048 subsignaita

175 3077 337 3158 obligatare
360 3086 469 3138 esseut.
514 3073 634 3155 Eosqne
655 3076 780 3157 praedes
803 3093 896 3156 eaque
919 3072 925 3156 Ι
952 3072 1071 3154 praedia
1093 3090 1205 3152 eosque
1227 3072 1408 3152 cognitores,
1430 3073 1455 3134 si

176 3181 241 3262 quit
262 3197 379 3254 eorum,
402 3177 432 3239 in
459 3175 464 3258 Ι
490 3194 566 3256 quae
588 3179 758 3257 cognitores
780 3179 849 3239 iacti
872 3186 974 3252 crunt,
997 3176 1035 3237 ita
1060 3193 1121 3236 non
1145 3175 1213 3248 erit,
1240 3170 1245 3254 Ι
1271 3173 1322 3255 qui
1344 3191 1456 3253 quaeve

174 3283 265 3346 soluti
286 3279 401 3344 liberati
423 3279 518 3342 solnta
540 3277 733 3363 liberalisque
756 3299 819 3342 non
834 3289 906 3342 sunt
928 3288 1097 3342 nonerunt
1118 3288 1168 3337 aut
1184 3295 1245 3339 non
1261 3277 1327 3338 sine
1346 3274 1352 3350 Ι
1371 3276 1454 3337 dm.

175 3395 247 3448 sunt
269 3393 365 3456 erunt,
388 3381 495 3457 liniris,
518 3383 570 3462 qui
592 3382 632 3444 ibi
656 3383 675 3443 i.
691 3383 719 3444 d.
742 3385 902 3462 praebunt,
925 3379 1071 3442 ambobus
1093 3373 1279 3441 alteriusve³⁹
1300 3396 1404 3439 eorum
1419 3397 1456 3439 cx

175 3485 379 3569 delcurionum
403 3485 703 3565 conscriptorumque
719 3483 849 3559 decreto,
871 3481 958 3568 qulod
978 3483 1131 3544 decretum
1154 3499 1222 3543 oum
1239 3499 1342 3541 eorum
1356 3471 1456 3560 partes

175 3589 278 3650 tertiae
297 3586 303 3668 Ι
323 3607 383 3650 oon
406 3587 506 3649 minus
529 3605 617 3668 quam
639 3588 715 3648 duae
737 3587 874 3648 adessent
896 3587 1004 3647 iactum
1024 3583 1028 3668 Ι
1055 3585 1120 3657 erit,
1149 3583 1278 3644 rendere
1301 3581 1455 3662 legemque

175 3689 221 3752 bis
242 3689 408 3752 vendundis
429 3689 527 3752 dicere
547 3685 552 3772 Ι
571 3691 618 3752 ius
639 3699 828 3770 potestasque
844 3701 924 3764 esto;
947 3689 1017 3749 dnm
1040 3705 1073 3748 ea
1091 3683 1185 3762 βίον)
1206 3686 1302 3765 legem
1318 3685 1342 3746 is
1357 3683 1455 3766 reibus

176 3791 342 3854 vendundis
363 3792 472 3867 dicant,
495 3810 584 3872 quam
606 3792 700 3870 legem
716 3810 777 3864 eos,
797 3787 802 3872 Ι
821 3790 873 3870 qui
887 3790 998 3854 Romae
1021 3790 1135 3851 aerario
1158 3796 1329 3868 praeerunt,
1352 3806 1368 3848 e
1390 3786 1456 3866 lege

176 3889 379 3976 praeldiatoria
402 3891 561 3975 praedibus
583 3893 760 3974 praedisque
774 3891 949 3967 rendunidis
971 3891 1069 3954 dicere
1085 3899 1247 3972 oporteret,
1268 3900 1328 3963 aut,
1350 3889 1375 3951 si
1391 3890 1455 3970 lege

176 3996 382 4078 praedialtoria
404 4006 569 4077 emptorem
592 4015 654 4060 non
678 3996 818 4070 inveniet,
845 4013 932 4074 quarn
955 3988 1062 4078 leigem
1089 3995 1120 4055 in
1144 4012 1268 4055 vacuom
1293 3992 1456 4055 vendendis

177 4100 276 4161 dicere
298 4093 478 4182 oporiteret3
501 4109 530 4160 et
545 4099 614 4160 dum
637 4100 676 4161 ita
698 4099 793 4178 legem
817 4098 925 4170 dicant,
948 4099 991 4158 uti
1014 4097 1182 4178 pecuiniam
1205 4095 1329 4159 ἱιιῐοιειι
1355 4096 1456 4157 muni·

179 4202 236 4284 oipi
258 4201 338 4264 Flaui
361 4201 524 4264 Malacitaui
552 4198 558 4286 Ι
588 4203 735 4264 referatur
757 4202 855 4265 luatur
876 4201 1014 4263 solvatur.
1059 4199 1202 4280 Quaeque
1226 4199 1273 4261 lex
1292 4198 1299 4281 Ι
1317 4199 1358 4260 ita
1379 4197 1456 4260 dieta

180 4299 296 4389 [s]rit⁴²,
319 4304 394 4366 iusta
416 4313 538 4384 rataque
560 4313 634 4367 esto.
655 4300 660 4388 Ι

251 4510 294 4573 ³2)
313 4508 376 4561 iura
388 4507 503 4558 dicundo
513 4510 685 4572 peremit-
703 4507 745 4570 33)
763 4506 854 4557 lnam
865 4506 918 4575 qni.
930 4533 964 4544 —
981 4507 1024 4571 34)
1042 4504 1132 4556 Insere
1145 4504 1247 4557 inerunt
1259 4503 1413 4571 (Momm).
1422 4532 1457 4543 -

178 4595 221 4658 35)
239 4593 297 4646 Ser.
316 4598 456 4661 coeperunt
474 4591 613 4658 coeperint.
635 4619 670 4630 --
692 4593 735 4655 34)
753 4591 818 4642 Delo
835 4607 895 4660 quc.
916 4619 949 4630 -
971 4593 1014 4657 st)
1032 4589 1134 4656 Populo
1152 4587 1280 4641 donnana.
1297 4617 1330 4628 ·-
1354 4589 1397 4653 38)
1416 4589 1456 4642 in·

177 4695 229 4748 qne
246 4696 300 4731 ces.
316 4707 351 4718 -
373 4680 417 4742 39)
435 4677 494 4732 Sor.
513 4676 628 4730 alterive.
644 4705 676 4715 -
700 4678 742 4741 40)
761 4676 838 4729 Bam.
859 4704 893 4714 -
914 4678 958 4741 41)
976 4676 1023 4729 Sic
1041 4692 1092 4728 nea.
1128 4673 1286 4742 depuis-itur
1303 4675 1409 4744 pecunia
1428 4674 1455 4727 in

176 4765 307 4832 publicum
325 4763 482 4830 municipum
500 4761 542 4813 cel
558 4761 666 4830 pecunia
685 4759 744 4813 inde
763 4761 865 4814 redacta
884 4762 910 4814 in
928 4777 1072 4815 commone.
1090 4790 1124 4800 -
1150 4763 1194 4826 ti)
1212 4759 1315 4814 dictarit
1332 4777 1386 4814 aer.
