3546 5378
310 294 373 353 504
836 295 926 366 caput
942 293 1030 350 XIIII.

308 465 402 552 20-811
429 463 585 550 sublelgito
612 477 751 548 cooptato
775 469 831 531 nisi
852 478 927 529 tunc
956 485 1024 529 cum
1048 467 1146 528 minus
1168 464 1264 528 tribus
1285 462 1463 550 ponltilloib.
1486 484 1523 528 ex
1543 466 1590 541 iis,

311 573 362 653 qui
377 591 404 633 c.
420 566 482 632 (2³⁶
502 577 582 644 sunt,
605 579 704 632 erunt.
741 571 819 633 Neve
835 571 901 650 quis
915 588 1005 649 quem
1026 565 1031 651 Ι
1049 569 1080 631 in
1097 568 1267 648 conlegium
1282 585 1430 647 augurum
1444 567 1590 650 sublegito

311 683 451 755 cooptato
474 668 540 756 nilsi
564 681 625 734 turn
642 690 710 734 cum
726 674 826 735 minus
848 671 943 735 tribus
965 671 1127 752 auguribus
1149 689 1185 732 ex
1207 670 1259 742 eis,
1282 671 1333 751 qui
1352 667 1357 754 Ι
1377 671 1476 733 colon.
1491 670 1527 732 G.
1540 667 1590 732 l.²⁷

312 787 392 852 sunt,
414 785 513 837 erunt.

398 888 585 980 txv11[1]⁸⁷.
630 878 712 954 IIviri
726 891 886 974 prael.ve³⁸
909 894 1026 956 comitia
1044 891 1178 973 pontific.
1194 908 1382 974 augurumq„
1404 910 1480 971 quos
1502 893 1532 953 h.
1547 892 1566 953 l.
1583 889 1589 977 Ι

311 993 453 1059 habere³⁹
475 995 634 1076 oportebit,
657 993 730 1057 ita⁴⁰
750 996 856 1058 babeto
880 989 1049 1081 prodi[c]ito
1058 991 1091 1068 ⁴¹,
1116 995 1155 1056 ita
1178 993 1220 1056 uti
1240 991 1245 1077 Ι
1265 979 1346 1058 ssvir.
1369 1013 1471 1056 creare
1493 997 1592 1058 lacere

311 1100 449 1162 sufficere
471 1099 500 1160 b.
524 1099 543 1160 l.
567 1096 621 1159 o.⁴²

399 1217 500 1279 LXIX.
543 1203 626 1280 Ilviri
658 1218 709 1297 qui
739 1227 806 1298 post
833 1218 933 1280 colon.
956 1212 1138 1304 deduc[t]am
1167 1217 1254 1299 primi
1285 1227 1387 1290 erunt,
1416 1217 1443 1279 ei
1472 1217 1503 1278 in
1529 1213 1593 1299 solo

311 1317 423 1400 mag.⁴’‚
454 1330 484 1382 et
505 1321 656 1401 quicumq.
680 1302 759 1382 llrir.
782 1320 813 1381 in
837 1320 936 1382 colon.
959 1320 1013 1382 lul.
1037 1330 1136 1394 erunt,
1164 1321 1184 1382 ii
1207 1321 1237 1381 in
1258 1315 1263 1404 Ι
1282 1318 1387 1380 diebus
1410 1317 1460 1381 LX
1481 1337 1593 1399 proru-

311 1424 376 1498 mis,
407 1421 607 1503 quibuscum
630 1441 706 1502 mag.
729 1440 833 1503 gerere
856 1419 1039 1506 coelperint‚
1068 1424 1105 1485 ad
1127 1423 1305 1485 decuriones
1333 1421 1496 1495 relerunm,
1525 1439 1593 1483 cum

313 1546 375 1588 non
399 1525 497 1588 minus
517 1523 521 1607 Ι
541 1524 593 1586 Xll
614 1525 750 1598 aderunt,
773 1525 816 1587 uti
838 1525 1019 1605 redemptori
1042 1524 1351 1606 redemptoribusque,
1371 1519 1376 1606 Ι
1395 1509 1455 1603 (Ιιιῖ
1469 1541 1503 1585 ea
1525 1524 1594 1585 red·

312 1637 412 1709 empta
432 1627 586 1690 babebunt
609 1646 683 1708 quae
699 1627 734 1688 ad
750 1645 832 1689 secra
855 1645 933 1706 resq.
954 1623 959 1709 Ι
978 1627 1091 1690 divinas
1113 1645 1190 1710 opus
1205 1635 1305 1700 erunt,
1327 1626 1453 1706 pecunia
1476 1626 1593 1705 exlege

313 1730 469 1793 locationis
488 1725 493 1814 Ι
513 1729 699 1792 adtribuatur
720 1729 879 1809 solvaturq.
924 1729 1003 1791 Nera
1027 1730 1183 1810 quisquam
1206 1748 1268 1790 rem
1291 1725 1386 1812 alilam
1408 1739 1439 1790 at
1457 1728 1594 1790 decurio·

315 1852 370 1895 nes
404 1834 559 1894 referunto
593 1851 667 1894 neve
700 1841 774 1911 quot
806 1827 1012 1916 decurilonum
1050 1832 1159 1894 decret
1193 1830 1325 1894 laeiunto
1359 1838 1518 1910 antequam
1551 1831 1595 1892 eis

312 1931 562 2018 redempitoribus
585 1933 710 2015 pecunia
734 1952 769 1995 er
792 1934 857 2014 lege
881 1934 1038 1997 locationis
1060 1933 1238 1996 attribuatur
1257 1930 1262 2015 Ι
1288 1933 1453 1995 solvaturre
1479 1933 1507 1994 d.
1529 1929 1594 2005 d.“‚

312 2037 383 2099 dum
406 2057 445 2098 ne
466 2037 567 2099 minua
589 2034 697 2098 Xllll⁴⁵
719 2035 824 2110 atsim,
854 2055 921 2097 cum
942 2032 947 2118 Ι
967 2055 993 2098 e.
1016 2033 1067 2098 r.⁴⁶
1096 2035 1279 2099 consulatur.
1324 2034 1404 2106 Quot
1429 2035 1467 2097 ita
1491 2035 1596 2097 deere-

312 2139 418 2212 verint,
442 2141 468 2201 ei
488 2124 570 2201 Ilrir.
592 2136 604 2222 Ι
626 2138 807 2218 redemptori
829 2138 1069 2218 redemptoribus
1090 2137 1311 2200 attribuendum
1331 2135 1336 2220 Ι
1361 2136 1596 2217 solvendumque

313 2253 425 2316 curato,
455 2243 524 2304 dum
548 2259 587 2303 ne
610 2259 646 2302 ex
669 2260 703 2303 ea
725 2241 851 2321 pecunia
883 2242 888 2317 Ι
918 2241 1034 2304 solvant
1055 2241 1239 2315 adtribuant,
1269 2259 1357 2320 quarn
1379 2241 1536 2320 pecuniam
1559 2258 1596 2302 ex

313 2345 342 2406 b.
365 2345 384 2406 l.
404 2343 409 2428 Ι
430 2338 479 2429 [od
499 2339 544 2428 ela
567 2360 659 2416 sacra,
682 2361 757 2423 quae
780 2343 811 2404 in
828 2342 925 2405 colon.
949 2343 1042 2405 aliove
1058 2361 1117 2422 quo
1133 2343 1200 2406 loco
1219 2339 1347 2426 pulblice
1361 2343 1443 2416 fiant,
1465 2341 1528 2404 dari
1542 2341 1596 2402 ad·

314 2445 403 2508 tribui
427 2445 586 2527 oportebit.

401 2559 508 2650 [clxx.
554 2547 635 2626 Ilviri
660 2557 865 2649 quiculm]quo
889 2574 979 2627 erunt
1001 2561 1059 2626 ei⁴²
1087 2576 1206 2646 praeter
1227 2583 1288 2638 eos,
1318 2564 1369 2644 qui
1391 2564 1479 2646 primi
1498 2561 1504 2648 Ι
1527 2574 1597 2645 post

313 2669 343 2730 b.
359 2667 378 2727 l.
402 2661 499 2752 [soloti
522 2677 621 2740 erunt,
644 2667 669 2728 ei
692 2666 724 2727 in
747 2685 801 2728 suo
817 2664 921 2745 mag.⁴⁸
944 2684 1053 2730 munus
1075 2664 1205 2752 luldosve
1227 2669 1381 2730 scaenicos
1403 2666 1463 2730 lori
1485 2666 1596 2730 lunoni

313 2769 463 2832 llinervae
485 2768 547 2832 deis
567 2766 572 2852 Ι
591 2768 733 2847 deabusq.
756 2768 952 2847 quadriduum
975 2787 1013 2831 m.
1037 2766 1093 2850 p.⁴⁰
1115 2770 1189 2844 diei,
1218 2780 1293 2849 quot
1315 2770 1379 2832 eius
1400 2767 1475 2852 delii
1504 2787 1597 2850 opor·

314 2870 390 2932 tebit
398 2868 430 2946 ⁸⁰,
453 2871 596 2933 arbitratu
613 2870 807 2932 decurionum
825 2867 966 2954 laciunlto
989 2872 1081 2951 inque
1097 2873 1139 2934 eis
1155 2872 1231 2934 ludis
1254 2891 1349 2953 eoque
1364 2891 1490 2934 munere
1506 2891 1601 2934 unus·

315 2969 451 3057 quislque
474 2991 579 3036 eorum
600 2974 705 3035 desua
722 2972 849 3053 pecunia
872 2992 910 3034 ne
934 2973 1033 3035 minus
1055 2973 1103 3036 IIS
1118 2992 1209 3037 0000
1228 2973 1233 3058 Ι
1254 2975 1422 3036 consumite
1444 2984 1475 3035 et
1495 2993 1531 3036 ex
1548 2993 1602 3056 pe·

315 3075 402 3138 cunia
426 3075 544 3156 publica
572 3076 603 3138 in
631 3076 708 3157 sing.
734 3073 739 3156 Ι
764 3057 845 3137 Ilvir.
868 3074 896 3136 d.
918 3073 966 3136 t.⁵¹
987 3075 1135 3138 tlsoooo
1163 3095 1281 3139 sumere
1303 3094 1480 3139 consumere
1502 3077 1602 3150 liceto,

316 3174 407 3261 ithue
436 3178 478 3240 eis
500 3199 524 3241 s.
548 3180 568 3240 l.
591 3176 629 3240 s.²
650 3179 747 3240 lacere
770 3176 868 3250 liceto,
892 3176 961 3239 dum
986 3178 1113 3257 nequis
1136 3197 1172 3241 ex
1193 3197 1227 3240 ea
1247 3175 1253 3260 Ι
1277 3196 1385 3260 pecun.
1406 3187 1503 3242 sumat
1527 3199 1603 3242 nere

315 3280 547 3343 adtributionem
570 3280 666 3354 laniat,
686 3277 691 3362 Ι
711 3297 799 3359 quam
822 3279 978 3357 pecuniam
1000 3281 1031 3341 b.
1053 3279 1073 3341 l.
1095 3280 1130 3342 ad
1155 3299 1187 3342 ea
1210 3299 1307 3349 saera.
1334 3281 1462 3360 quaein
1486 3277 1601 3364 collon.

313 3384 409 3446 aliove
432 3402 492 3464 quo
514 3383 581 3446 loeo
604 3383 818 3464 pubtimepre
841 3386 923 3458 flent,
946 3383 1009 3444 dari
1027 3380 1034 3464 Ι
1052 3382 1181 3445 adtribui
1204 3383 1362 3464 oportebit

403 3503 504 3568 LXXI.
548 3503 664 3565 Aediles
687 3504 837 3585 quicumq.
861 3513 951 3566 erunt
971 3502 1002 3564 in
1025 3521 1080 3564 suo
1095 3521 1173 3584 mag.
1197 3521 1307 3566 munus
1328 3501 1425 3588 luldos
1446 3503 1601 3566 scaenicos

317 3605 377 3668 lori
401 3605 510 3668 lunoni
534 3605 682 3668 llinervae
704 3602 842 3690 trilduom
866 3607 977 3668 maiore
999 3616 1083 3686 parte
1105 3606 1176 3680 diei,
1203 3615 1277 3686 quot
1298 3607 1362 3669 eius
1385 3607 1448 3668 lleri
1471 3603 1602 3690 potelrit‚

317 3717 348 3771 et
369 3726 462 3769 unum
486 3691 571 3769 diem‘
587 3708 617 3769 in
642 3726 721 3770 clrco
744 3719 795 3771 aut
816 3709 847 3771 in
871 3710 937 3770 loro
953 3708 1061 3770 Veneri
1081 3705 1086 3790 Ι
1105 3706 1246 3782 latinum,
1269 3708 1362 3788 inque
1385 3708 1428 3771 eis
1450 3709 1526 3770 ludis
1548 3729 1601 3770 eo·

319 3827 377 3890 que
400 3827 524 3871 munere
547 3812 763 3890 unuslquisque
785 3830 889 3873 eorum
912 3810 1016 3874 desua
1032 3810 1158 3890 pecunia
1180 3830 1217 3872 ne
1233 3810 1333 3873 miuus
1348 3809 1480 3872 llSoooo
1500 3809 1506 3893 Ι
1526 3829 1603 3874 con-

318 3911 426 3974 sumito
450 3911 522 3972 deve
537 3911 657 3992 publico
680 3913 711 3974 in
734 3912 1028 3994 sing.aedil.l1800
1047 3909 1052 3996 Ι
1071 3931 1189 3975 sumere
1208 3913 1307 3987 liceto,
1330 3930 1425 3992 eamq.
1442 3913 1603 3993 pecuniam

319 3998 391 4076 Ilrir
413 4011 532 4094 prael.³²
551 4013 557 4094 Ι
575 4013 701 4075 dandum
723 4015 947 4077 adtribueudam
970 4025 1097 4077 euraoto
1120 4015 1202 4096 itque
1224 4014 1259 4076 iis
1277 4013 1283 4099 Ι
1309 4034 1333 4077 s.
1349 4015 1369 4076 f.
1387 4035 1411 4076 s.
1427 4034 1454 4077 o.
1476 4011 1603 4078 liceto'⁸.

406 4254 449 4317 tto)
467 4251 593 4304 Coloniae
613 4249 762 4304 Gamelione.
785 4279 820 4290 -
844 4253 887 4315 at)
904 4248 991 4303 LXVII
1008 4267 1061 4302 eea.
1084 4279 1118 4291 —
1140 4252 1183 4315 38)
1201 4247 1398 4312 hoefeetuaua.
1420 4278 1455 4288 -
1479 4253 1523 4315 39)
1541 4251 1604 4305 Ser.

321 4337 406 4390 lacere
419 4336 615 4403 (memmat-
634 4337 677 4400 40)
694 4335 760 4387 Dela
772 4336 1016 4404 ilatdlomma.).—
1034 4338 1080 4402 ll)
1097 4334 1226 4404 prodigito
1245 4339 1273 4387 in
1291 4352 1354 4387 aare
1371 4333 1438 4402 legit
1454 4336 1557 4390 Ilrtallrt.
1568 4365 1605 4376 -

322 4423 365 4485 tt)
383 4419 440 4472 Hoc
458 4419 516 4485 lege
535 4422 676 4486 oportebit.
693 4447 728 4460 -
746 4423 789 4486 43)
807 4421 980 4485 unguerem.
991 4449 1026 4460 -
1043 4424 1088 4488 44)
1104 4421 1288 4474 Decvrionvm
1306 4421 1421 4472 demto.
1434 4449 1467 4458 -
1483 4419 1530 4490 45)
1548 4421 1605 4474 Ιο-

323 4505 396 4556 dium
414 4503 436 4556 x
454 4505 567 4557 delatam
580 4522 636 4556 eece
646 4508 676 4558 io
688 4523 751 4558 cere
764 4511 886 4574 prinpum
904 4507 1083 4572 crediderunt,
1101 4510 1183 4573 negat
1195 4506 1326 4558 Iluebner.
1336 4533 1369 4543 -
1386 4507 1432 4570 46)
1448 4505 1491 4558 ua
1508 4523 1605 4560 m.-

324 4590 368 4654 l‘l)
383 4589 449 4640 Dela
466 4591 498 4644 ei.
516 4619 549 4630 -
576 4592 620 4655 48)
638 4591 812 4658 Magistrum.
828 4619 864 4630 -
890 4593 934 4656 49)
952 4590 1056 4644 maron
1070 4595 1149 4658 parte
1168 4589 1216 4658 (cf.
1235 4607 1292 4658 cop.
1305 4589 1411 4655 ml).
1428 4619 1463 4630 -
1481 4593 1525 4655 bd)
1543 4589 1605 4644 Ser.

322 4675 416 4742 poterit
435 4671 484 4742 (cf.
503 4689 560 4742 cop.
578 4675 685 4739 LXXI).
701 4705 736 4715 —
755 4678 797 4740 bl)
814 4675 973 4729 Dumlaaot.
990 4705 1024 4714 -
1043 4677 1085 4742 5⁰2)
1103 4674 1298 4737 Praefectum.
