3546 5378
318 328 381 387 532
858 331 949 402 Caput
965 332 1041 388 XIII.

319 503 353 564 t.
369 503 511 565 Munnius
527 503 733 566 Numantinus.
760 501 764 584 Ι
791 504 877 576 Quod
899 505 1037 568 universi·
1051 525 1077 567 v.
1101 507 1148 569 t.⁸:
1183 508 1217 569 t.
1234 509 1432 591 Pomponium
1449 511 1603 585 Basmm‘,

318 605 526 682 clarislsimnm
547 607 659 679 virum,
692 606 897 685 demandatam
921 607 976 670 sibi
999 609 1120 670 curam'
1141 609 1178 671 ab
1204 604 1210 691 Ι
1240 610 1497 692 indulgentissimo
1526 615 1602 695 imp.

319 706 442 770 Caesare
465 707 557 770 Nerva
581 709 709 771 Traiano
728 704 733 791 Ι
753 712 886 788 angusto
906 707 1093 784 Germanico
1116 729 1173 791 qua
1196 713 1364 775 aeternitati
1386 715 1485 776 ltaliae
1504 717 1510 792 Ι
1528 735 1604 778 suae

320 811 487 891 prospexit,
520 811 685 874 secundum
714 809 919 871 liberalitatem
950 811 1013 873 eius
1042 810 1047 895 Ι
1078 812 1117 874 ita
1146 814 1296 890 ordinare,
1330 827 1363 878 ut
1391 817 1488 879 omnis
1521 827 1605 880 aetas

320 931 409 974 curae
431 915 496 976 eius
517 913 623 974 merito
642 911 647 995 Ι
667 913 775 992 gratias
797 929 885 991 agere
909 910 1038 988 debeat'‚
1062 915 1266 996 futurumque,
1289 925 1323 978 ut
1343 928 1442 980 taum
1461 917 1466 996 Ι
1486 919 1605 982 virtutis

319 1015 364 1075 vir
384 1016 492 1078 auxilid
515 1015 553 1078 sit
574 1016 693 1077 tuturus
713 1013 876 1094 municipio
897 1010 902 1095 Ι
923 1025 1035 1086 nostro,
1058 1033 1087 1095 q.
1104 1017 1132 1078 d.
1148 1035 1174 1078 e.
1196 1037 1221 1078 r.
1242 1020 1264 1080 l.
1285 1037 1326 1100 p..
1349 1020 1378 1080 d.
1393 1038 1421 1082 e.
1441 1039 1466 1081 r.
1482 1021 1502 1082 i.
1517 1020 1574 1082 c.⁸:
1593 1017 1601 1104 Ι

320 1116 443 1178 Placere
476 1117 654 1198 conscriptis
687 1117 799 1198 legatos
832 1135 868 1177 ex
902 1117 959 1178 boc
990 1116 1096 1180 ordine
1126 1114 1132 1198 Ι
1162 1120 1237 1182 mitti
1270 1121 1305 1183 ad
1335 1121 1370 1186 T.
1400 1122 1601 1205 Pomponium

320 1219 457 1292 bassum,
480 1216 685 1303 clarissilmum
707 1220 817 1290 virum.
840 1219 889 1299 qui
912 1219 948 1279 ab
972 1223 1007 1280 ed
1030 1220 1204 1300 impetrent,
1227 1221 1258 1283 in
1282 1223 1457 1301 clisnltelam
1479 1225 1603 1306 amplis-

320 1322 412 1383 simae
433 1321 539 1414 domus
561 1341 631 1385 suae
647 1321 850 1402 munilcipium
875 1331 1009 1383 nostrum
1032 1322 1166 1402 recipere
1188 1323 1335 1404 dignetur,
1355 1327 1361 1409 Ι
1382 1338 1603 1408 patronumque

320 1442 353 1485 se
375 1424 524 1504 cooptari,
552 1423 651 1486 tabula
677 1420 682 1507 Ι
708 1423 845 1504 hospitali
874 1423 967 1485 incisa
990 1424 1046 1484 boc
1069 1423 1188 1486 decretd
1218 1425 1249 1486 in
1273 1427 1362 1490 domo
1387 1431 1393 1506 Ι
1419 1447 1472 1490 sua
1495 1431 1602 1511 posita,

322 1525 482 1605 permittat.
527 1527 686 1589 censuere.
769 1525 775 1608 Ι
794 1525 930 1606 Egemnt
959 1525 1061 1606 legati:
1086 1525 1092 1608 Ι
1118 1528 1151 1588 Α.
1174 1527 1317 1592 Caecilius
1338 1533 1373 1592 Α.
1396 1531 1417 1592 t.
1440 1529 1604 1602 Quirinalis

321 1640 352 1689 et
369 1625 375 1712 Ι
395 1615 565 1700 Quirinalis.

406 1727 505 1780 Itomae
522 1745 577 1796 rep.
595 1730 625 1778 in
644 1727 792 1792 Quirinali,
812 1731 866 1778 iam
879 1726 1042 1792 Florentiae,
1061 1729 1153 1780 tabula
1165 1745 1248 1780 aenea
1267 1729 1320 1797 (VI
1329 1731 1411 1795 4408,·
1428 1729 1465 1793 cs.
1478 1731 1605 1782 Haebner·

321 1831 364 1867 aa.
381 1831 433 1866 tor.
451 1819 536 1881 epigr.
554 1831 581 1864 n.
592 1814 665 1880 875).
683 1843 717 1852 -
737 1816 762 1876 1)
781 1813 907 1866 conato
924 1813 1052 1864 ordonna
1067 1813 1155 1874 suinae
1171 1831 1197 1868 a.
1209 1814 1255 1866 404
1274 1812 1309 1877 efi
1328 1816 1448 1868 Martini.
1462 1815 1503 1880 42,
1514 1818 1542 1878 d,
1555 1816 1604 1880 to,-

321 1898 467 1951 Mammea
484 1900 596 1950 Hermae
613 1899 695 1953 bold
710 1897 846 1966 ntideo.
872 1925 907 1936 -
931 1900 958 1962 2)
977 1897 1105 1950 Senatum
1122 1899 1322 1952 nominarunt.
1348 1929 1383 1940 -
1410 1903 1436 1968 3)
1455 1902 1544 1954 Ver-da
1562 1900 1603 1961 se·

322 1991 424 2038 cenant.
447 2015 481 2024 -
502 1985 529 2048 4)
548 1984 619 2037 idem
635 1999 719 2050 capra
737 1983 771 2038 Ν.
782 1985 848 2036 0840
866 1983 935 2049 (not.
946 1983 983 2046 4).
1005 2013 1040 2022 -
1068 1985 1093 2050 5)
1112 1984 1210 2036 blerana
1227 1986 1375 2052 Pomponio
1392 1987 1476 2038 Basso
1493 1988 1604 2038 aman-

322 2071 413 2122 datam
424 2071 586 2136 pertinuisse
597 2070 635 2122 ad
641 2073 772 2136 pecunias
783 2068 970 2120 alimentariae
979 2071 1144 2135 perspicitur
1154 2085 1190 2120 eac
1202 2071 1294 2121 tabula
1307 2069 1426 2124 Veleiata
1436 2069 1472 2124 N.
1479 2073 1544 2126 6675
1555 2072 1603 2134 (-

321 2156 359 2207 XI
371 2156 444 2222 4447)
456 2170 520 2220 pag.
531 2159 558 2218 3,
571 2155 668 2207 tait.
681 2182 715 2194 -
733 2155 759 2211 ut
778 2153 849 2216 Quid
865 2153 897 2204 da
915 2169 946 2204 ea
964 2170 994 2203 re
1011 2154 1073 2215 fieri
1088 2155 1214 2218 placeret,
1232 2155 1264 2204 de
1280 2173 1312 2205 ea
1329 2173 1359 2206 re
1376 2159 1417 2208 ita
1430 2163 1603 2208 osnmnunt.

407 2273 491 2346 0107
535 2277 603 2338 Sex.
627 2275 758 2356 Sulpicio
781 2276 912 2337 Tertullo
932 2275 937 2359 Ι
958 2277 993 2347 Q.
1009 2277 1113 2339 Trneio
1136 2278 1295 2341 Sacerdote
1317 2282 1389 2342 cos.¹
1408 2279 1414 2363 Ι
1441 2281 1471 2342 k.
1493 2279 1602 2364 Septi

325 2373 464 2464 [c]oldnia
485 2371 582 2464 lub[a]
607 2383 738 2458 Augusta
762 2373 906 2464 [Il]s[al]is
930 2375 1098 2461 bospitilum
1125 2379 1197 2441 lecit
1224 2398 1292 2442 cum
1314 2382 1353 2443 lt.
1375 2382 1486 2444 Aristio
1508 2377 1604 2467 ila[1]·

323 2481 394 2543 bind
417 2481 566 2562 Atilniano
589 2474 735 2566 eum[qna]
762 2481 818 2543 sibi
841 2481 942 2543 liboris
964 2482 1123 2561 posterisq.
1148 2480 1154 2563 Ι
1179 2482 1240 2544 suis
1265 2477 1447 2569 patro[nent]
1478 2495 1603 2564 coopta-

323 2596 439 2646 varunt.
469 2582 473 2666 Ι
504 2583 543 2644 Μ.
566 2583 692 2645 Aristius
719 2581 861 2644 Balbinus
888 2584 1045 2646 Atinianus
1077 2580 1248 2668 boslpitium
1284 2585 1355 2646 iecit
1386 2603 1455 2647 cum
1488 2587 1603 2667 populo

324 2687 422 2747 colon.
446 2685 537 2747 Iuliae
560 2681 567 2767 Ι
593 2690 667 2764 Aug.
691 2685 794 2757 Uselis,
817 2685 927 2747 liberos
948 2695 1145 2766 posterosque
1172 2683 1285 2770 solcum
1313 2689 1344 2749 in
1368 2687 1456 2748 tidem
1478 2687 1602 2750 cliente·

323 2787 441 2867 lamque
455 2805 539 2850 suam
559 2785 564 2868 Ι
584 2805 766 2868 suorumque
782 2787 904 2868 recepit.
925 2787 930 2867 Ι
948 2786 1086 2867 Egsruut
1100 2787 1187 2867 legati
1207 2787 1212 2872 Ι
1232 2787 1265 2849 L.
1280 2782 1452 2874 Fabriciup]
1476 2787 1604 2852 Faustus

324 2888 394 2950 llvir
423 2907 491 2969 (lb,
526 2890 593 2952 Sex.
617 2889 719 2952 lunius
742 2889 923 2966 Cassitanus,
957 2888 988 2954 C.
1011 2889 1135 2970 Asprius
1161 2889 1255 2964 Felix,
1290 2891 1321 2953 C.
1344 2891 1489 2953 Antistius
1514 2892 1604 2954 Vetus

323 2991 413 3054 scrib.

409 3093 441 3144 In
464 3107 532 3157 agno
551 3091 718 3157 Caralitano,
740 3089 858 3150 fontaine
872 3106 958 3156 propa
975 3093 1064 3142 uicum
1083 3089 1193 3154 licetine,
1214 3092 1262 3142 abi
1282 3090 1364 3144 data
1384 3093 1492 3144 nidotar
1508 3092 1604 3160 sedne,

324 3193 390 3244 nep„
407 3182 447 3228 aet
461 3176 592 3242 tingitani,
610 3177 704 3228 tabula
716 3191 798 3228 aenea
817 3174 929 3239 (147840
947 3176 1016 3226 uidit
1034 3175 1179 3227 Mommsen
1184 3195 1195 3239 ,·
1211 3175 1247 3235 cf.
1262 3175 1385 3228 ltnebner
1396 3194 1440 3230 eae.
1451 3194 1503 3231 aar.
1516 3181 1605 3246 epuler.

324 3279 350 3314 n.
360 3263 431 3323 870).
447 3289 482 3301 -
501 3263 525 3326 1)
543 3261 576 3313 A.
591 3261 649 3313 408.

325 3486 497 3569 polonensis
516 3483 521 3569 Ι
541 3504 608 3547 cum
626 3485 658 3546 P.
674 3485 853 3566 Sempronio
870 3485 1001 3548 Taurino
1021 3485 1025 3568 Ι
1046 3478 1284 3570 bam[a]nitauo¹
1305 3485 1407 3548 liberis
1420 3487 1581 3568 posterisq.
1597 3485 1603 3569 Ι

325 3590 389 3652 eius
411 3589 572 3669 hospitium
594 3587 691 3650 iunxit
713 3583 850 3670 eumlque
871 3586 927 3650 sibi
951 3587 1043 3649 civem
1069 3597 1099 3648 ct
1120 3597 1281 3668 patronum
1300 3589 1305 3666 Ι
1324 3589 1481 3669 cooptavit¹
1502 3586 1507 3672 Ι
1528 3589 1605 3670 Ege-

325 3700 398 3752 runt
419 3691 453 3752 T.
469 3689 618 3751 Antonius
640 3683 795 3768 Palternus
817 3698 848 3751 et
869 3681 925 3773 [L]
949 3688 1091 3751 Caecilius
1111 3687 1116 3770 Ι
1135 3689 1278 3751 tostinus.

412 3789 588 3855 Parapaelone
605 3788 778 3856 (Pamplana)
797 3805 853 3855 rep.
871 3804 927 3840 ana
945 3803 1006 3839 eant
1023 3787 1058 3843 Ν.
1074 3790 1151 3855 0404,
1174 3790 1266 3841 torota
1283 3805 1367 3840 aenea
1385 3789 1428 3858 (11
1443 3789 1509 3842 8960
1525 3789 1607 3840 senet

325 3873 648 3940 camusnanesre.
661 3903 694 3913 —
714 3878 739 3937 1)
756 3874 789 3926 A.
799 3873 856 3926 480.
874 3899 908 3911 -
926 3876 953 3939 2)
970 3874 1019 3926 cal.
1036 3875 1164 3927 traditur.
1176 3902 1212 3912 -
1230 3875 1255 3938 3)
1274 3872 1316 3936 cf.
1329 3875 1397 3930 Ptin.
1408 3875 1434 3926 b.
1445 3889 1474 3928 n.
1485 3877 1513 3940 8,
1523 3879 1551 3940 5,
1562 3875 1606 3936 25,

326 3959 393 4012 Ptol.
410 3960 437 4022 2,
453 3960 477 4018 0,
493 3961 536 4012 aa.

411 4077 497 4148 blut)
537 4081 608 4162 imp.
624 4081 706 4143 Caes.
731 4081 768 4142 bl.
783 4083 855 4143 Aur.
879 4082 990 4145 Severo
1012 4081 1178 4145 alexandro
1199 4085 1205 4160 Ι
1224 4084 1295 4145 cos.¹
1319 4079 1407 4144 eidib.
1428 4080 1581 4160 Aprilibus
1601 4085 1606 4156 Ι

328 4182 488 4246 concibum
510 4193 676 4245 convontus
698 4178 873 4270 Clunien[s.]
894 4182 900 4264 Ι
919 4183 955 4246 G.
970 4185 1094 4247 Marium
1117 4185 1282 4247 Pudentem
1305 4181 1525 4265 Cornelialnnm
1547 4181 1606 4264 leg.

327 4285 405 4366 leg.¹‚
435 4304 462 4348 c.
484 4305 522 4359 a,
549 4294 708 4365 patronum
728 4285 733 4368 Ι
759 4285 815 4348 sibi
837 4286 941 4349 bberis
962 4287 1149 4368 posterisque
1171 4285 1257 4370 suis}
1281 4285 1431 4366 cooptavit
1453 4283 1492 4345 ob
1513 4283 1606 4346 multa

328 4401 358 4448 et
372 4389 489 4467 egregia
509 4385 514 4471 Ι
534 4389 597 4450 eius
612 4389 642 4450 in
659 4388 792 4467 singulos
816 4389 1037 4474 universoslquc
1060 4389 1181 4463 merita,
1204 4408 1257 4471 per
1279 4389 1407 4469 legatum
1427 4385 1433 4466 Ι
1452 4386 1514 4448 Vel.
1528 4387 1608 4448 llar-

327 4489 433 4551 cellum
454 4488 459 4573 Ι
479 4489 678 4552 Cluniensem.

413 4587 511 4640 Itomae
528 4605 584 4656 rep.
602 4592 632 4640 in
649 4593 792 4657 Auentina,
816 4592 902 4642 estin
920 4591 1078 4644 bibliotheca
1098 4591 1245 4654 Vaticana,
1262 4589 1355 4642 tabula
1373 4603 1455 4641 men
1473 4587 1527 4658 (VI
1544 4588 1609 4642 teat
