3564 5372
559 371 646 428 Tituli
662 372 850 444 montuosis.
866 401 901 414 -
923 372 1045 432 littoris.
1384 377 1447 438 eui

166 553 292 610 numero
314 545 460 609 habeAiur
481 565 576 626 aeque
598 565 632 608 ac
653 547 678 608 si
700 551 735 608 eb
756 543 761 629 Ι
786 548 901 610 honore
923 553 995 612 usus
1017 551 1069 624 sit,
1091 551 1237 632 liceatque
1259 556 1287 614 et
1308 551 1448 614 omnibus

165 649 343 732 specticulis
362 646 368 731 Ι
388 648 553 729 municipio
576 658 680 711 nostro
703 648 817 712 bisellio
839 650 963 730 proprio
986 652 1066 715 inter
1085 649 1270 737 Augusltiles
1291 652 1448 716 considere

166 753 309 832 cenisque
331 749 472 814 omnihus
494 750 623 831 publicis
640 748 647 834 Ι
665 751 746 812 inter
760 753 960 815 centumviros
981 753 1136 830 interesse,
1157 755 1289 837 itemque
1304 755 1422 836 placere
1440 752 1447 840 Ι

167 860 206 918 ne
228 854 308 936 quod
330 854 367 916 ab
390 856 426 916 en
447 853 609 934 liberisque
636 853 701 916 eius
721 854 846 935 vectigal
867 854 1021 936 municipii
1050 853 1056 938 Ι
1085 858 1209 938 Augusti
1230 857 1361 921 Veientis
1386 857 1448 920 exi·

164 955 320 1041 germunt

252 1062 419 1122 notuerunt
451 1057 457 1140 Ι
491 1057 523 1119 G.
546 1058 684 1121 Scaevius
705 1057 864 1142 Curiatius,
899 1056 905 1142 Ι
938 1059 972 1121 L.
994 1060 1145 1142 Perperna
1172 1062 1293 1126 Priscus
1320 1061 1412 1137 lirin,
1440 1057 1447 1144 Ι

166 1163 205 1228 ll.
222 1162 338 1224 Vlivins
352 1160 447 1223 liuius
469 1179 513 1240 q..
531 1157 538 1244 Ι
558 1161 592 1222 Τ.
608 1161 722 1223 Vettius
740 1160 835 1224 liuius
858 1181 902 1242 q..
921 1159 927 1244 Ι
946 1162 986 1224 Μ.
1001 1163 1172 1243 Tarquitius
1194 1165 1370 1239 Saturninl,
1389 1161 1394 1248 Ι
1415 1164 1447 1226 L.

165 1265 316 1329 Maecilius
327 1265 470 1344 Scrupus,
490 1258 496 1348 Ι
516 1262 549 1324 L.
561 1261 709 1325 Favonius
724 1262 873 1344 Lucanus,
889 1261 902 1349 Ι
919 1263 972 1327 Gn.
984 1266 1122 1328 Octavius
1137 1265 1275 1348 Sabinus,
1295 1263 1301 1351 Ι
1320 1268 1354 1329 Τ.
1365 1267 1449 1329 Sem·

166 1367 292 1449 pronius
314 1366 477 1439 Gracchus,
503 1361 508 1446 Ι
536 1365 566 1431 P.
591 1365 720 1427 Acutius
742 1365 775 1426 P.
798 1367 818 1427 i.
841 1367 922 1440 Tro..
952 1364 958 1450 Ι
988 1366 1019 1430 G.
1043 1367 1182 1431 Veianius
1203 1369 1357 1444 Maximus,
1382 1367 1389 1453 Ι
1414 1367 1449 1432 T.

166 1469 337 1549 Tarquitius
360 1467 464 1542 liuius,
483 1466 489 1550 Ι
509 1466 540 1530 G.
563 1467 655 1530 lulius
677 1469 816 1531 hierula’.
843 1470 848 1546 Ι
872 1451 979 1532 Actum
998 1465 1004 1554 Ι
1024 1469 1176 1533 Gaetulico
1198 1479 1228 1533 et
1250 1471 1373 1534 Calvisio
1396 1472 1449 1534 Sa·

165 1570 240 1633 hino
262 1569 336 1631 ens.⁸

254 1670 328 1722 Veiis
345 1686 414 1736 rep„
438 1675 478 1721 eet
493 1668 592 1722 lionae
617 1669 670 1739 (xl
683 1673 753 1725 8808
775 1670 903 1722 uiderunt
920 1672 1027 1722 uenam
1045 1676 1073 1722 ei
1088 1672 1246 1742 Burmann).
1272 1701 1308 1712 —
1334 1673 1449 1739 illdata

165 1772 250 1823 cupro
268 1754 302 1808 Ν.
321 1755 398 1808 8892.
415 1784 449 1794 -
468 1757 493 1820 2)
512 1754 584 1806 idem
599 1753 717 1817 [oriam
732 1771 816 1822 cupra
834 1753 869 1808 Ν.
881 1755 960 1809 8887.
975 1784 1012 1794 —
1034 1757 1062 1820 3)
1080 1758 1112 1808 A.
1128 1772 1156 1824 p.
1176 1757 1236 1810 Chr.
1254 1760 1295 1811 86.

252 1907 338 1979 6686
381 1911 528 1972 Victoriae
553 1907 559 1993 Ι
585 1914 709 1990 August.
734 1909 739 1991 Ι
769 1927 886 1972 sacrum
913 1906 918 1994 Ι
944 1911 1096 1974 restitutae
1119 1923 1187 1992 post
1207 1913 1448 1996 antiquissimam

165 2010 349 2096 vetustaltem
368 2009 374 2096 Ι
394 2014 469 2076 ordo
491 2011 669 2075 Veientium.
700 2008 705 2094 Ι
734 2026 780 2094 (ne
798 2026 894 2095 utne)
915 2011 1051 2076 [indicata
1071 2010 1077 2095 Ι
1096 2013 1136 2075 ΙΙΙ
1153 2034 1225 2077 non.
1240 2013 1302 2077 lan.
1322 2013 1327 2100 Ι
1351 2016 1449 2079 Aemi·

166 2117 248 2179 liano
265 2115 290 2177 ll
313 2124 342 2178 et
365 2115 504 2196 Aquilino
527 2116 598 2177 cos.¹
619 2110 625 2196 Ι
655 2114 688 2176 Ρ.
705 2112 810 2192 Sergio
825 2113 950 2175 llaximo
970 2110 977 2197 Ι
996 2114 1034 2176 Μ.
1050 2116 1145 2178 Lollio
1163 2116 1325 2180 Sabiniano
1344 2115 1350 2200 Ι
1368 2118 1449 2181 lisir.

166 2217 344 2300 qq.‚1curn
366 2228 473 2297 agente
492 2214 498 2301 Ι
518 2217 652 2279 Veientio
675 2214 813 2278 ianuario
835 2216 886 2277 lib.
909 2215 972 2278 arlr.

257 2318 332 2370 Veiis
348 2335 414 2385 rep„
432 2324 472 2369 eet
488 2316 587 2368 Romae
605 2315 656 2384 (Ar
671 2318 739 2370 8788
756 2315 884 2367 uiderunt
900 2317 1039 2368 Bormanon
1058 2317 1181 2384 aliique).
1198 2347 1232 2359 -
1254 2323 1279 2386 1)
1297 2323 1330 2373 A.
1340 2322 1399 2374 869.

253 2473 336 2545 6581
383 2523 416 2540 ..
438 2476 596 2538 Aescionio
619 2473 650 2538 C.
674 2469 722 2561 ΙΙ.)
753 2475 758 2558 Ι
790 2474 1043 2556 capellanum..
1074 2472 1080 2558 Ι
1111 2470 1204 2562 [t]rib.
1227 2475 1328 2550 milit..
1356 2477 1450 2555 praei.

169 2573 273 2665 iah[r.,
297 2576 304 2663 Ι
326 2573 506 2666 neu]nicipes
528 2573 747 2662 extramuranp·
771 2574 776 2660 Ι
802 2572 839 2663 et]
853 2580 1027 2658 Augustales
1050 2597 1084 2640 ex
1107 2595 1177 2640 aere
1198 2577 1277 2639 conl.
1297 2580 1303 2655 Ι
1323 2576 1399 2640 ludis
1420 2577 1450 2640 in

222 2682 331 2743 hestra.

169 2700 221 2744 ⁰¹⁰
255 2781 328 2834 Veiis
345 2795 412 2846 rep..
429 2779 525 2831 deinde
542 2778 641 2832 homae
666 2778 719 2845 (XI
732 2779 802 2832 8788
819 2779 888 2830 vidit
904 2779 1033 2846 umen).

252 2933 356 3006 6582·
392 2935 446 2999 Cn.
469 2934 572 2998 Caesio
595 2936 730 2997 Athicto¹
756 2932 761 3019 Ι
787 2936 901 2997 adiecto
923 2937 1003 2996 inter
1025 2936 1119 3015 Criu,
1145 2933 1150 3019 Ι
1177 2933 1290 2998 omnib.
1314 2935 1453 2996 honorih.

167 3049 320 3114 exornato,
340 3042 345 3118 Ι
365 3038 540 3117 Augustales
562 3037 716 3119 municipii
735 3037 741 3118 Ι
760 3039 834 3117 Aug.
857 3035 988 3099 Veientis
1009 3056 1045 3099 ex
1066 3056 1135 3099 aere
1157 3037 1276 3099 conlato
1297 3037 1328 3097 h.
1351 3037 1390 3098 c.¹

252 3170 358 3244 6588δ
394 3175 448 3237 Cn.
472 3173 574 3236 Caesio
594 3175 600 3251 Ι
618 3173 736 3235 Athicto
760 3169 765 3254 Ι
791 3170 897 3232 allecto
919 3171 998 3232 inter
1020 3155 1110 3245 Geir..
1136 3169 1142 3255 Ι
1168 3171 1308 3234 omnihus
1329 3171 1453 3234 honori·

166 3278 224 3341 hus
248 3275 255 3360 Ι
280 3287 434 3352 exornato,
458 3296 493 3339 er
516 3295 585 3338 aere
606 3275 724 3337 conlato
750 3272 755 3355 Ι
782 3290 870 3353 quam
892 3273 1058 3354 municipes
1081 3275 1179 3335 omnis
1203 3273 1208 3358 Ι
1233 3274 1306 3335 ordo
1330 3273 1357 3335 ei
1379 3293 1452 3336 con·

168 3381 237 3444 tulit
262 3380 267 3462 Ι
293 3380 323 3442 in
348 3379 501 3440 orchestra
523 3377 600 3438 ludis
629 3371 634 3458 Ι
664 3394 739 3456 qnos
762 3375 928 3453 iecerunt!
957 3373 989 3435 P.
1013 3376 1169 3438 llemmius
1191 3375 1306 3455 Apulus
1327 3375 1371 3456 p.⁸
1392 3387 1421 3439 et
1447 3373 1453 3462 Ι

169 3482 199 3550 C.
215 3482 371 3561 Poppaeus
384 3481 503 3543 Priscus
518 3478 599 3540 lleir.
623 3491 773 3561 (irenem)
790 3475 923 3539 dedicata
942 3475 948 3560 Ι
968 3474 1125 3561 kalendis!
1144 3477 1261 3558 Apriles
1280 3473 1285 3560 Ι
1305 3475 1452 3562 Maximo}

168 3595 199 3648 et
220 3583 381 3646 Glabrione
403 3583 486 3656 cos.⁴‚
516 3581 522 3665 Ι
552 3581 608 3643 ΟΙο
631 3579 749 3643 Ortesio
780 3577 785 3661 Ι
815 3579 912 3642 Felice
935 3589 965 3641 et
986 3579 1133 3642 Nemonio
1157 3577 1163 3661 Ι
1189 3579 1307 3642 Silvano
1330 3579 1452 3664 lleirisj

168 3687 345 3748 Veientium.

253 3819 355 3891 65820
391 3821 443 3887 Cn.
469 3819 572 3883 Caesio
594 3813 730 3906 Ath[icto]
751 3817 757 3903 Ι
777 3819 891 3882 adiecto
913 3819 993 3880 inter
1015 3812 1122 3904 C[oir.]
1142 3816 1148 3901 Ι
1168 3819 1207 3880 oh
1231 3819 1369 3899 pietatem
1397 3829 1428 3882 et
1446 3817 1452 3901 Ι

168 3926 402 3989 munificentiam
426 3924 489 3985 eius
514 3919 519 4004 Ι
545 3938 614 4001 erga
636 3921 757 3982 domum
780 3922 907 3983 divinam
932 3918 936 4007 Ι
964 3930 994 3984 et
1015 3923 1209 4003 municipium
1232 3925 1307 4001 Aug.
1329 3922 1427 3998 Veios,
1447 3917 1453 4007 Ι

169 4027 345 4090 centumviri
381 4032 412 4087 et
445 4023 531 4086 seviri
567 4032 596 4083 et
628 4017 634 4107 Ι
668 4023 843 4104 Augustales
872 4033 901 4085 et
930 4023 1096 4104 municipes
1128 4022 1133 4107 Ι
1169 4025 1385 4086 intramurani⁸
1419 4042 1455 4086 ex

168 4135 332 4202 aerae(·e)
354 4128 434 4210 quod
461 4125 466 4211 Ι
490 4127 521 4188 in
545 4124 697 4187 orchestra
720 4126 870 4188 conlatum
893 4135 939 4188 est
962 4123 967 4206 Ι
993 4125 1069 4188 tuuis
1090 4145 1168 4206 quos
1189 4127 1327 4189 iecerunt
1351 4123 1356 4211 Ι
1381 4126 1455 4188 Ver·

169 4233 258 4314 gilius
281 4232 432 4312 Cogitatns
452 4226 456 4313 Ι
482 4228 575 4291 lulius
597 4229 723 4291 Senecio
747 4228 839 4290 llviri.

239 4349 315 4401 Veiis
325 4365 382 4415 rep.
392 4348 443 4418 (xi
450 4351 527 4402 8808.
535 4349 611 4401 8888.
621 4349 690 4400 8808
699 4349 769 4398 lano
778 4344 895 4411 Neapoli
904 4345 987 4398 deser.
997 4345 1152 4412 Momasson,
1162 4346 1228 4398 illoc
1236 4344 1336 4398 liomae
1349 4347 1455 4398 eonem

169 4441 196 4486 ei
213 4434 373 4503 umen).
395 4461 431 4472 —
454 4436 479 4498 1)
498 4433 571 4486 Idem
588 4437 707 4484 stainam
724 4431 861 4498 quandam
879 4430 975 4492 refecit
992 4447 1076 4498 cupra
1094 4431 1129 4486 Ν.
1140 4433 1219 4485 2⁶92.
1237 4459 1272 4472 -
1294 4434 1320 4498 2)
1339 4433 1455 4484 Honoris

170 4536 262 4572 carun.
280 4547 316 4557 -
333 4521 359 4582 3)
378 4519 512 4570 Incertum
529 4525 621 4570 utrum
638 4533 663 4585 p.
682 4521 785 4583 (poter)
803 4516 845 4567 uel
862 4515 879 4570 i.
899 4515 997 4579 (liliaco)
1015 4517 1058 4568 nel
1074 4515 1096 4568 ll
1114 4515 1237 4585 (ilerum)
1254 4519 1291 4568 eii
1307 4519 1337 4568 in
1355 4518 1453 4584 tepide.

169 4631 205 4644 ·-
221 4605 249 4667 l)
266 4605 299 4657 A.
316 4604 374 4656 tto.
392 4629 427 4642 -
449 4605 476 4669 5)
496 4603 645 4668 Municipes
662 4604 849 4654 intramus-ani
867 4601 941 4654 Veiis
958 4603 1040 4652 mom
1058 4605 1088 4653 in
1106 4602 1186 4654 iiheio
1206 4603 1284 4670 longe
1301 4605 1455 4670 antiquiore

170 4705 254 4756 supra
272 4687 307 4741 Ν.
318 4690 381 4742 888.

223 4833 327 4886 Dmn.
347 4831 504 4886 incomptiore·
518 4829 612 4877 Latinae
625 4831 655 4876 11.
1216 4826 1250 4877 tu
