3546 5378
317 380 382 439 454
860 386 951 456 capnt
967 385 1044 442 xm.

318 555 451 629 dicione,
481 565 513 618 ut
534 555 571 618 ad
594 556 671 618 diem
693 557 768 620 vitae
791 558 854 621 eius
876 576 949 623 usus
970 567 1000 621 ct
1021 559 1138 622 tructus
1166 562 1172 639 Ι
1203 570 1393 640 potestasque
1415 561 1530 624 aedillci
1554 564 1598 624 sui

319 657 355 719 ad
378 676 410 719 se
433 658 612 738 pertineret,
641 668 744 739 postea
767 669 865 722 autem
888 661 932 722 rei
954 679 983 741 p.
1008 671 1129 723 nostrae
1152 672 1244 724 esset:
1271 663 1389 744 placere
1412 664 1483 725 bule
1504 665 1600 728 ordini

320 767 379 821 tam
401 770 514 840 gratam
536 761 717 822 voluntatem
741 763 845 842 optimi
861 762 932 825 ciris
951 759 957 843 Ι
976 763 1107 839 admitti,
1129 764 1300 846 remittique
1317 765 1344 827 ei
1359 766 1510 840 solarium,
1533 785 1599 830 eum

320 863 387 942 plus
409 881 445 924 er
467 863 578 943 pictate
600 863 736 942 promissi
767 864 830 927 eius
858 863 1049 946 respublica
1078 876 1180 927 nostra
1206 876 1309 947 postea
1332 877 1532 930 consecutura
1553 869 1600 931 sit.

320 964 354 1026 ln
378 965 461 1026 curia
482 966 502 1026 l.
528 986 557 1026 n.
580 963 768 1026 Lxxxxut

405 1066 522 1117 haleulia
539 1081 605 1131 rep„
622 1070 661 1116 est
677 1064 795 1131 Neapoli
811 1065 851 1127 (X
865 1066 931 1121 lter
948 1066 1018 1118 cidit
1033 1066 1199 1132 Mommsen).
1216 1097 1251 1106 -
1271 1070 1295 1135 1)
1313 1069 1402 1122 Verba
1418 1067 1551 1129 fecerum.
1569 1097 1601 1108 -

320 1150 347 1212 2)
367 1149 439 1214 Quid
456 1150 488 1200 de
506 1167 536 1201 ea
553 1167 584 1203 re
601 1151 663 1214 ficri
678 1151 809 1216 placeret,
828 1152 861 1203 ets
878 1167 909 1203 ea
927 1167 958 1202 re
974 1153 1016 1204 ita
1033 1156 1201 1206 censuerunt.
1218 1182 1251 1192 -
1267 1155 1294 1219 tl)
1313 1152 1353 1215 07.
1367 1153 1473 1220 Ulpium.
1485 1155 1549 1221 Dig.
1559 1157 1602 1216 78,

320 1234 345 1297 8,
357 1235 384 1298 2,
397 1234 428 1287 77
432 1248 445 1302 ,·
470 1233 632 1301 Mar-quarti
654 1235 919 1302 Staatsosrwalturrg
936 1235 981 1287 11¹
998 1252 1028 1303 p.
1045 1238 1094 1290 ido
1112 1238 1207 1292 raom.
1235 1267 1270 1276 -
1294 1241 1321 1302 7)
1343 1239 1375 1290 lm
1394 1241 1472 1291 curta
1489 1237 1604 1302 fuerumt

320 1335 432 1370 numero
450 1318 605 1374 txmll.

830 1411 1073 1418 ...--—--.--...-..
1104 1411 1124 1416 --
1172 1413 1250 1418 .-.-
1271 1411 1302 1418 ..-
1322 1413 1414 1418 ---—
1441 1413 1533 1420 --.-—.

406 1456 492 1528 5927)
521 1460 697 1540 exemplaria
720 1462 896 1540 littelrarum
919 1459 1134 1538 rationalilum¹
1158 1460 1348 1524 dominorum
1368 1463 1434 1525 riti.¹⁸
1452 1460 1458 1545 Ι
1477 1465 1604 1546 scripta·

321 1580 402 1635 rum,
436 1559 631 1645 pertincoltes
658 1563 694 1624 ed
724 1562 880 1626 Adrastum
900 1563 905 1646 Ι
926 1567 1020 1644 Augg.
1043 1563 1096 1628 ab.
1120 1562 1182 1638 lib,
1214 1564 1325 1644 quibus
1346 1565 1469 1640 aelate)
1500 1563 1505 1648 Ι
1535 1585 1604 1648 pcr-

321 1664 443 1727 missum
467 1665 517 1737 sit,
546 1661 711 1748 aedilllcare
734 1667 800 1728 loco
823 1667 976 1728 cannabus
1006 1661 1012 1747 Ι
1041 1685 1057 1728 a
1080 1666 1163 1728 solo⁸
1190 1666 1263 1729 iuris
1285 1667 1332 1728 sui
1354 1670 1482 1748 pecunia
1507 1667 1513 1751 Ι
1541 1687 1603 1742 sua,

322 1776 508 1847 prestaturus
521 1773 585 1840 (sie)
608 1765 758 1852 solorilum
781 1768 859 1831 sicut
880 1769 988 1831 caeteri
1001 1774 1075 1841 (sie).
1095 1767 1100 1852 Ι

399 1868 498 1930 bellus
514 1869 651 1943 Achilles,
675 1870 717 1933 cl.
733 1866 936 1953 Perpetulus⁴,
958 1870 1114 1932 Flavianus
1129 1869 1315 1951 Eutychus⁸l
1329 1869 1534 1952 Epaphrodito
1549 1891 1603 1934 suo

322 1973 462 2035 salutem:
483 1968 488 2055 Ι
511 1972 639 2052 Tugulus
661 1991 766 2036 omncs
787 1983 817 2036 et
839 1973 964 2053 inpense
983 1969 989 2056 Ι
1008 1972 1045 2035 de
1067 1972 1174 2034 casulis
1195 1971 1265 2033 item
1288 1973 1430 2035 cannabis
1447 1972 1454 2056 Ι
1473 1984 1503 2035 et
1524 1975 1604 2035 aedi-

322 2076 396 2139 ilciis
418 2077 533 2152 idoneis
555 2076 675 2156 adsigna
694 2075 701 2159 Ι
721 2076 844 2138 Adrasto
868 2077 1055 2155 procuratori
1075 2072 1080 2157 Ι
1100 2075 1257 2136 columnae
1278 2073 1336 2136 diri
1352 2074 1470 2148 lllerci⁶‚
1493 2084 1528 2137 ut
1545 2081 1551 2156 Ι
1570 2075 1605 2136 ad

322 2179 501 2260 voluptatem
518 2185 582 2252 (sie)
602 2195 685 2239 suam
701 2177 872 2259 bospitilum
888 2175 944 2238 sibi
960 2184 1100 2250 exstruat,
1121 2175 1202 2258 quod
1225 2182 1257 2238 ut
1276 2171 1282 2258 Ι
1301 2176 1406 2238 babeat
1421 2177 1467 2238 sui
1483 2177 1558 2240 iuris
1575 2188 1607 2238 et

323 2283 357 2344 ad
381 2280 515 2362 belredes
537 2278 724 2341 transmittat.
804 2279 933 2341 Litterae
956 2278 1040 2341 datae
1055 2278 1120 2340 vlll
1141 2279 1208 2340 idus
1231 2280 1305 2358 Aug.
1324 2275 1330 2361 Ι
1349 2279 1461 2340 Romae
1476 2278 1605 2341 Falcone

323 2393 353 2446 et
371 2380 376 2466 Ι
396 2384 481 2446 Claro
504 2383 575 2446 cos.²
595 2379 600 2466 Ι

409 2485 508 2547 Aelius
523 2485 661 2556 Achilles,
683 2484 724 2550 cl.
743 2478 945 2566 Perpetulus⁴,
969 2481 1124 2544 Florianus
1146 2481 1316 2562 Eutychus*
1337 2479 1464 2566 Aquillio
1487 2482 1605 2546 uerter.

324 2587 468 2650 Hadrasto
482 2593 547 2660 (sie)
565 2590 639 2665 Aug.
652 2585 703 2647 lib.
723 2584 728 2669 Ι
749 2584 784 2646 ad
796 2585 971 2659 aedificium,
988 2586 1067 2664 quod
1083 2581 1243 2667 custodilae
1259 2603 1346 2648 eausa
1360 2586 1518 2648 columnae
1533 2605 1607 2648 oen-

323 2686 483 2771 telnariae⁹
505 2688 633 2769 pecunia
655 2707 708 2750 sua
731 2685 945 2766 exstruclturus
966 2696 1025 2762 est,
1048 2687 1201 2767 tignorum
1224 2687 1313 2752 robes
1331 2684 1337 2769 Ι
1356 2688 1474 2761 decem,
1504 2689 1610 2768 quanti

323 2795 396 2854 fisco
419 2791 642 2865 constiterunt,
674 2808 743 2850 cum
767 2799 888 2868 pontem
918 2797 1049 2872 nccesgse
1076 2789 1133 2852 luit
1161 2789 1327 2870 compingi,
1360 2790 1489 2871 petimus
1513 2787 1518 2871 Ι
1545 2790 1609 2852 dari

325 2893 437 2956 iubeas.
482 2892 610 2954 Litterae
633 2890 717 2952 datae
737 2887 742 2972 Ι
761 2890 842 2952 xllll
858 2889 914 2952 lral.
931 2892 1013 2972 Sept.
1031 2891 1142 2952 Rornae
1161 2887 1167 2976 Ι
1187 2891 1316 2953 Falcone
1338 2903 1368 2953 ct
1390 2891 1475 2954 Claro
1498 2889 1604 2976 eos.¹⁰l

410 2995 581 3058 Rationales
615 2994 683 3056 Seio
716 2993 874 3073 Superstiti
905 2996 910 3071 Ι
941 3003 971 3054 et
1004 2992 1095 3055 Fabio
1128 2993 1277 3071 ldagno¹¹.
1332 2990 1525 3079 Procuraltor
1557 3014 1609 3056 eo·

325 3099 428 3160 lumna
447 3103 512 3171 (sie)
537 3095 725 3158 centenariae
744 3093 751 3176 Ι
770 3095 827 3158 diri
851 3096 941 3158 llarei
970 3104 1122 3158 exstruere
1145 3091 1368 3178 babiltationem
1391 3097 1422 3157 in
1445 3097 1609 3160 contermi-

326 3201 373 3264 nis
399 3195 404 3281 Ι
430 3199 503 3261 locis
530 3199 628 3260 iussus
658 3216 734 3277 opus
762 3197 969 3284 adgrediletun
999 3197 1023 3260 si
1051 3198 1257 3260 auctoritatem
1285 3195 1421 3281 vesltram
1448 3201 1609 3282 acceperit

325 3303 457 3365 Petimus
482 3297 488 3382 Ι
513 3301 604 3381 igitur
624 3318 738 3374 aream,
767 3320 855 3381 quam
879 3295 1136 3382 demolnstrarerit
1157 3300 1300 3362 Adrastus
1322 3299 1373 3361 lib.
1399 3299 1404 3383 Ι
1430 3301 1544 3362 domini
1567 3321 1609 3382 n.,

326 3404 475 3485 adsignari
498 3403 524 3464 el
548 3399 691 3486 inbecillis,
721 3413 905 3483 praestatum
933 3399 1097 3464 secuudum
1124 3399 1130 3482 Ι
1155 3401 1324 3482 exemplum
1353 3411 1523 3464 ceterorum
1551 3399 1610 3480 sol·

325 3507 442 3570 larium.
485 3506 615 3567 Litterae
641 3505 725 3567 datae
745 3501 750 3588 Ι
770 3504 821 3565 Vll
844 3505 910 3566 idus
932 3503 1038 3584 Sept.¹²
1058 3502 1179 3576 Romae,
1208 3499 1349 3588 rediditae
1373 3503 1413 3566 ill
1436 3505 1503 3567 idus
1524 3505 1608 3586 Sept

326 3608 438 3672 Romae
457 3605 462 3692 Ι
482 3608 574 3670 isdem
598 3605 684 3669 cos.¹¹

413 3723 513 3777 Romae
536 3722 637 3787 effossa
661 3742 686 3778 a.
705 3724 766 3777 7777
788 3727 817 3775 im
833 3725 924 3789 platea
943 3741 967 3788 q.
985 3723 1010 3775 d.
1028 3722 1130 3775 Montis
1147 3721 1258 3786 Citorii,
1280 3738 1335 3774 mom
1352 3722 1432 3790 longe
1450 3740 1466 3774 a
1484 3723 1611 3776 columns

327 3811 461 3861 Antonini
478 3809 532 3873 (Vl
547 3807 632 3862 lessi
650 3811 721 3862 uidit
738 3810 866 3877 Hersen).
899 3807 1037 3860 hortauit
1054 3807 1199 3860 Mommsen
1215 3807 1348 3861 Zeitselsr.
1365 3805 1492 3875 figeret.
1503 3806 1613 3861 liechts-

327 3897 398 3947 saise
416 3894 458 3960 tt,
480 3895 544 3947 roso
565 3897 718 3961 patesco.
753 3895 799 3946 Ea
822 3895 878 3946 alia
904 3895 1019 3960 epistula
1046 3893 1083 3945 ad
1108 3892 1218 3945 eamdem
1243 3909 1301 3944 rem
1325 3895 1479 3958 pertinente
1504 3895 1613 3946 sistetur

327 3996 464 4047 superesse
480 3978 630 4042 frustulum
645 3981 683 4033 Vl
693 3982 785 4033 reate
810 4009 845 4020 -
873 3982 897 4045 1)
917 3977 957 4040 cf.
975 3994 1059 4046 supra
1077 3977 1112 4032 Ν.
1124 3979 1196 4033 litu.
1231 3979 1440 4030 Procuratorem
1456 3980 1577 4046 Augusti
1595 3997 1612 4030 s

328 4066 482 4116 rationibus
499 4069 525 4115 et
543 4066 695 4117 adiutorem
714 4069 771 4116 eiras
787 4064 909 4130 intellegi
926 4069 1006 4130 pietat
1024 4063 1178 4125 Hirschfeld
1197 4064 1284 4117 Verso.
1299 4058 1383 4130 pedi.
1399 4091 1435 4104 -
1451 4067 1478 4130 2)
1495 4064 1614 4116 Visetur

329 4151 451 4214 intellegi
468 4151 582 4204 Seuerus
600 4165 660 4202 eum
672 4151 770 4201 Albino
781 4149 904 4224 passure.
923 4178 958 4188 —
976 4151 1002 4214 3)
1022 4149 1136 4201 Videtw
1153 4150 1286 4201 excidisse
1303 4147 1447 4202 aedilicium
1465 4150 1509 4201 oet
1523 4150 1614 4201 simite

329 4238 403 4304 quid.
430 4265 463 4276 -
490 4235 751 4302 tiramuscam
771 4235 900 4288 Claudias
918 4235 1064 4302 Perpetem
1084 4238 1250 4300 procurator
1267 4233 1454 4287 Haunlamias
1469 4237 1517 4286 sub
1537 4234 1614 4288 cese

329 4322 407 4374 modo
425 4323 521 4387 (supra
540 4319 574 4374 N.
585 4321 658 4388 tta).
680 4347 714 4360 -
742 4322 767 4386 b)
788 4320 906 4372 Tertiam
924 4324 1105 4387 quartumque
1121 4333 1217 4370 momen
1233 4324 1334 4386 prestant
1352 4319 1461 4373 Claudii
1476 4321 1613 4386 metui.

329 4433 364 4446 ·-
382 4409 407 4472 6)
424 4408 545 4473 Apparet
567 4407 722 4470 significari
744 4407 895 4458 columnam
917 4406 1062 4458 cochlidem
1080 4421 1149 4473 quae
1167 4408 1258 4456 eastat
1279 4421 1335 4456 moa
1352 4407 1432 4470 longe
1453 4405 1485 4455 ab
1503 4419 1534 4454 eo
1553 4403 1614 4456 loco

330 4495 377 4544 als·
394 4493 492 4544 titulus
512 4497 637 4558 repertus
659 4495 713 4556 est,·
737 4497 904 4543 memoratur
923 4493 954 4542 im
976 4488 1082 4542 Notitiae
1105 4491 1181 4542 urbis
1205 4506 1263 4556 reg.
1281 4489 1326 4542 IX.
1368 4489 1410 4552 Cf.
1427 4489 1552 4542 Peter-sem
1569 4489 1615 4540 atie

331 4577 535 4631 alaram-state
557 4575 610 4638 aa!
627 4577 727 4628 Pisana
747 4577 866 4631 Columna
893 4576 983 4644 (7888)
1000 4576 1054 4643 ρ.7
1071 4591 1125 4641 seq.
1160 4575 1192 4627 Im
1217 4572 1337 4637 frentula
1357 4575 1396 4629 Vr
1412 4572 1497 4628 {585⁹
1519 4575 1614 4627 eadem

331 4663 455 4714 commem
473 4662 628 4730 appellatur
645 4663 788 4727 [diuorum]
804 4660 881 4715 lllsrci
900 4669 926 4714 et
939 4661 1082 4714 Faustinae.
1101 4687 1135 4698 -
1153 4657 1182 4728 7)
1198 4661 1296 4727 b'Aag.
1309 4660 1366 4715 toa.
1379 4689 1414 4698 -
1426 4663 1451 4726 8)
1475 4660 1548 4713 Idem
1566 4665 1617 4726 qus·

330 4763 414 4814 supra
436 4746 472 4803 Ν.
489 4747 564 4812 erar,
590 4762 620 4799 eo
646 4753 763 4814 tempore
786 4749 953 4814 procurator
975 4761 1086 4813 operum
1108 4745 1278 4812 pullicorum
1305 4743 1355 4812 (ss.
1379 4747 1416 4798 id.
1442 4750 1499 4798 mat.
1521 4745 1562 4813 3).
1579 4775 1616 4786 -
