3546 5378
437 362 524 418 Tituli
539 361 728 434 municipales.
740 391 774 402 -
791 362 851 418 Lex
862 362 1003 433 municipii
1015 362 1185 419 Meluciisul.
1392 363 1454 423 525

220 537 256 604 R.
296 536 343 598 lle
366 536 655 599 constituendis
676 535 852 616 patronis
874 553 1022 609 causae,
1045 554 1123 598 curn
1147 536 1151 619 Ι
1176 537 1347 599 rationes
1369 539 1455 600 red·

291 636 467 719 dentum!

264 756 392 820 nxvltt.
422 757 496 820 Cum
511 757 550 818 ita
566 757 696 819 rationes
718 756 890 833 reddentur,
912 756 994 833 flur,
1020 757 1071 838 qui
1093 757 1282 834 decuriolnes
1303 758 1457 840 conscrip-

178 871 260 924 tosve
274 857 404 935 habebit,
423 858 458 922 ud
474 859 652 921 decuriones
671 855 677 943 Ι
697 857 919 939 conscriptosve
934 860 1055 934 referto,
1077 877 1153 939 ques
1167 859 1281 940 placeat
1296 855 1457 944 publilcam

179 980 298 1025 causam
319 980 418 1042 agere,
447 961 527 1041 iique
550 960 728 1024 decuriones
749 955 959 1044 oonlscriptivs
980 980 1037 1042 per
1057 961 1193 1024 tobellam
1216 961 1303 1023 iurati
1332 962 1360 1023 d.
1384 979 1411 1023 e.
1433 981 1457 1024 r.

179 1059 388 1148 decelinunto
416 1073 481 1126 tum
503 1081 572 1125 cum
594 1080 698 1125 eorum
720 1071 819 1144 partes
842 1081 904 1124 non
926 1063 1025 1126 minus
1043 1060 1049 1147 Ι
1069 1082 1157 1145 quam
1180 1063 1255 1125 duae
1277 1065 1381 1126 tertiae
1405 1065 1460 1128 ad·

179 1177 278 1242 erunt,
300 1167 340 1229 ita
362 1176 396 1228 ut
416 1174 487 1240 tres,
511 1163 598 1250 quies
621 1165 739 1247 plurimi
762 1182 817 1246 per
830 1163 968 1228 tabellum
990 1165 1126 1245 legerint.
1149 1184 1265 1229 causum
1286 1163 1292 1248 Ι
1311 1167 1459 1248 pubiicum

180 1278 278 1352 egent,
309 1269 388 1350 iique
410 1267 461 1350 qui
483 1267 523 1330 itu
544 1267 613 1330 lecti
635 1277 727 1330 erunt
748 1261 878 1352 temlpus
899 1287 914 1328 a
938 1268 1151 1332 decurionibus
1173 1267 1459 1349 conscriptircnte),

181 1389 241 1452 quo
265 1365 392 1453 mulsam
414 1378 599 1452 cognoscant
626 1369 835 1449 actionemque
857 1386 940 1431 suam
962 1364 1128 1454 orieldem,
1157 1370 1336 1452 postulante,
1365 1389 1460 1450 eoque

181 1482 316 1555 tempore
332 1471 452 1553 quodie
471 1473 477 1550 Ι
496 1472 595 1534 datum
612 1471 669 1533 crit
683 1481 843 1545 trausacto,
858 1489 922 1533 euru
939 1489 1057 1535 causam
1074 1473 1117 1534 uti
1131 1474 1211 1554 quod
1231 1470 1237 1555 Ι
1255 1483 1336 1535 recte
1350 1474 1460 1536 iactum

181 1595 247 1639 csse
268 1575 347 1636 solet
368 1583 488 1655 agunto.
508 1573 513 1657 Ι
1189 1586 1190 1589 ’

224 1745 262 1807 lt.
299 1744 348 1807 llo
371 1745 518 1807 iudicio
540 1744 727 1825 pecuniae
749 1743 968 1806 communis.
988 1741 994 1824 Ι

269 1861 369 1926 lxix.
414 1863 500 1936 Quod
523 1880 561 1929 m.
586 1862 651 1924 m.¹⁰
672 1861 751 1923 Flavi
773 1862 938 1925 lialacitani
970 1863 1090 1926 nomine
1121 1858 1250 1947 peltetur
1274 1862 1312 1925 ab
1335 1881 1380 1938 eo,
1412 1864 1462 1944 qui

183 1969 248 2030 cius
269 1966 412 2048 municipi
434 1963 640 2052 municilpss⁸¹
669 1964 802 2027 incolare
825 1964 894 2040 erit,
924 1967 1040 2046 quodve
1066 1984 1134 2028 cum
1157 1985 1192 2028 eo
1215 1975 1320 2046 egetur
1347 1966 1353 2049 Ι
1383 1966 1463 2046 quod

183 2071 279 2152 pluris
302 2069 350 2130 llS
366 2068 413 2130 clu
435 2069 474 2130 sit
496 2086 595 2148 neque
617 2067 691 2130 tenti
714 2067 762 2141 sit,
792 2077 825 2128 ut
850 2066 862 2150 ΙΙ
890 2063 935 2154 [ds
956 2088 990 2132 eo
1015 2088 1047 2131 re
1071 2067 1271 2150 prominulam
1300 2072 1347 2130 ius
1374 2069 1465 2131 dicere

183 2172 348 2253 iudiciumne
370 2171 438 2233 lore
459 2189 498 2233 cu
518 2169 571 2232 luc
592 2169 651 2250 ispe
672 2180 820 2252 oporteat:
845 2171 879 2231 de
901 2189 934 2234 eu
954 2189 987 2233 re
1008 2169 1089 2233 lluir
1108 2169 1312 2252 proesmume.
1336 2175 1388 2253 qui
1401 2175 1465 2233 iure

184 2275 308 2338 timaus
328 2275 457 2356 procerit
477 2275 539 2334 etius
559 2275 727 2354 municipii,
748 2274 787 2336 od
810 2292 892 2356 pum
914 2275 948 2337 de
969 2293 1002 2336 eo
1023 2291 1056 2335 rc
1078 2277 1110 2334 in
1132 2279 1180 2336 ius
1193 2274 1305 2336 editum
1326 2277 1397 2346 erit,
1419 2277 1466 2336 ius

185 2377 272 2439 dicito
294 2375 454 2456 iudicioque
476 2375 541 2437 doto
564 2419 645 2436 ....

274 2524 377 2580 rateto
399 2540 498 2590 amsa,
524 2541 581 2591 rep.
602 2541 658 2576 unu
682 2539 742 2577 cum
766 2541 799 2576 eu
820 2539 888 2591 quus
905 2525 1047 2591 praecedit
1067 2539 1153 2590 prope
1169 2523 1302 2576 disiacum
1319 2524 1467 2591 Hispaniae

185 2630 212 2666 u.
231 2610 304 2673 iddl,
327 2610 374 2662 diu
397 2611 555 2661 secabatur
578 2608 699 2662 Malacae
722 2609 796 2678 opud
815 2611 998 2662 mnrcdionmn
1022 2608 1136 2676 Lon-ing,
1161 2625 1248 2677 nuper
1270 2608 1404 2660 translatu
1428 2613 1467 2660 ost

187 2700 257 2760 (urta
275 2711 335 2748 mm
352 2692 386 2747 Ν.
403 2696 469 2747 0088
492 2699 519 2746 et
541 2709 602 2746 cum
619 2694 687 2760 legs's
705 2694 739 2749 N.
756 2695 822 2748 0087
842 2700 923 2761 parts
936 2697 1102 2762 posteriore)
1124 2693 1265 2746 diatritum
1289 2692 1330 2760 (ll
1345 2695 1408 2747 8808
1430 2691 1467 2755 cs.

183 2799 213 2851 p.
231 2782 281 2834 878
303 2780 389 2832 edidit
408 2782 514 2846 primus
538 2779 675 2846 unum
693 2797 718 2834 u.
736 2780 813 2843 0808,
839 2779 988 2832 illusis-uuit
1010 2779 1156 2832 Mommsen
1178 2795 1234 2832 unu
1257 2793 1317 2830 cum
1335 2777 1468 2844 Ν.8088).

186 2867 322 2933 imagines
338 2867 481 2930 utrimque
498 2863 606 2916 hiulce
631 2867 730 2931 optime
746 2862 837 2926 suctus
854 2863 941 2916 edidit
956 2863 1094 2930 Berlungu
1109 2854 1307 2917 ‘monumentor
1327 2864 1470 2916 distdricou

185 2942 380 3004 Hulucitunos’
399 2948 509 3012 (Maium
527 2950 613 3017 idid).
648 2948 802 3016 Specimina
821 2951 926 3001 tunium
942 2951 1095 3016 scripturus
1116 2948 1186 3002 sdid.
1206 2950 1329 3002 Huciner
1346 2949 1398 3002 Eu.
1415 2965 1468 3004 scr,

185 3039 274 3104 epigr.
291 3051 318 3089 n.
334 3035 391 3087 807.
412 3036 472 3088 808.
498 3061 533 3072 -
562 3035 629 3086 Poro
653 3039 692 3085 sut
715 3034 781 3100 legis
798 3033 921 3086 diulucoe
943 3037 999 3085 siue
1020 3037 1169 3101 municipio
1186 3033 1285 3086 Flauio
1303 3034 1469 3087 liudevitum

186 3122 259 3190 (cup.
281 3119 350 3174 nni.
376 3117 460 3171 um.
486 3115 574 3172 1,le
583 3120 649 3188 usq.)
676 3119 756 3171 dutus
781 3119 872 3171 sudem
896 3122 955 3170 sins
980 3119 1061 3170 dudio
1089 3125 1219 3186 tempore,
1245 3135 1298 3186 quo
1326 3119 1470 3186 Salpensos

186 3207 253 3258 daia
276 3209 315 3256 ssi
338 3205 384 3257 iou·
406 3201 440 3256 Ν.
455 3205 529 3256 0088.
565 3204 690 3257 Euareia
711 3221 764 3256 esse
783 3204 890 3256 uidetur
910 3205 975 3256 doec
997 3205 1088 3256 luduin
1111 3204 1168 3256 olis
1188 3219 1271 3256 munu
1294 3219 1327 3256 uc
1344 3201 1378 3256 Ν.
1395 3205 1469 3266 8088,

187 3293 341 3344 ursmarum
360 3294 431 3342 certe
447 3285 538 3350 forma
560 3305 615 3340 non
633 3289 725 3340 codun
742 3293 780 3340 est
802 3291 849 3342 sed
869 3291 913 3340 dic
933 3289 991 3341 illic
1014 3290 1120 3341 dicem
1144 3287 1194 3358 (es.
1212 3290 1337 3340 ductae·
1354 3287 1382 3340 C.
1400 3287 1421 3340 1.
1437 3286 1469 3339 t.

188 3374 218 3426 11
231 3392 259 3443 p.
270 3371 367 3442 2008),·
391 3389 441 3424 noc
458 3377 546 3424 umen
563 3374 621 3424 ulio
638 3389 719 3425 muso
738 3379 776 3425 ssi
799 3377 831 3425 ui
848 3375 890 3426 ool
906 3376 977 3426 dunc
994 3373 1035 3425 uel
1051 3373 1127 3425 illum
1145 3375 1260 3424 inuisum
1277 3389 1332 3424 etse
1345 3375 1470 3438 putemus

187 3463 250 3528 pest
265 3464 385 3526 temporo
402 3457 567 3521 Domitiani,
583 3460 662 3510 mdue
679 3463 764 3509 uoluti
779 3463 897 3526 utruque
913 3463 1052 3527 scripturo
1070 3460 1168 3526 optimo
1185 3459 1317 3510 conuenit.

275 3544 401 3595 Aliarum
418 3543 535 3595 duur-m
552 3545 643 3608 lsgum
659 3543 865 3610 municipalium
883 3545 1029 3612 Hispaniae
1051 3541 1173 3605 snuiulu
1195 3557 1283 3609 nuper
1296 3540 1469 3608 prodierunt,

187 3627 236 3680 ssd
252 3631 443 3694 minutissimo,
467 3643 581 3695 quorum
603 3628 718 3680 ultorum
740 3630 848 3680 uidetur
870 3634 998 3681 accurate
1020 3627 1185 3694 respondere
1205 3627 1272 3692 legio
1289 3625 1470 3678 Huiucitunus

189 3729 249 3781 cup.
261 3711 363 3766 unm
379 3713 460 3780 (de.
479 3730 519 3780 ep.
536 3716 561 3779 8,
577 3713 654 3778 862).

277 3955 320 4020 50)
337 3952 504 4020 Municipium
521 3953 672 4018 municipii.
689 3979 723 3990 -
742 3953 783 4014 ⁵1)
802 3951 861 4004 Sur.
878 3951 1019 4019 municeps.
