<?xml version="1.0" encoding="UTF-8"?>
<!DOCTYPE html PUBLIC "-//W3C//DTD XHTML 1.0 Transitional//EN"
    "http://www.w3.org/TR/xhtml1/DTD/xhtml1-transitional.dtd">
<html xmlns="http://www.w3.org/1999/xhtml" xml:lang="en" lang="en">
 <head>
  <title>
</title>
<meta http-equiv="Content-Type" content="text/html;charset=utf-8" />
  <meta name='ocr-system' content='tesseract 3.04.00' />
  <meta name='ocr-capabilities' content='ocr_page ocr_carea ocr_par ocr_line ocrx_word'/>
</head>
<body>
  <div class='ocr_page' id='page_1' title='image "./inscriptionesla00dessgoog/inscriptionesla00dessgoog_0257.png"; bbox 0 0 3568 5368; ppageno 0'>
   <div class='ocr_carea' id='block_1_1' title="bbox 355 357 1072 434">
    <p class='ocr_par' dir='ltr' id='par_1_1' title="bbox 355 357 1072 434">
     <span class='ocr_line' id='line_1_1' title="bbox 355 357 1072 434; baseline 0.007 -19"><span class='ocrx_word' id='word_1_1' title='bbox 355 357 416 416; x_wconf 79' lang='lat'>246</span> <span class='ocrx_word' id='word_1_2' title='bbox 917 364 1008 434; x_wconf 81' lang='lat' dir='ltr'>Capul</span> <span class='ocrx_word' id='word_1_3' title='bbox 1024 365 1072 420; x_wconf 83' lang='grc'><em>444.</em></span> 
     </span>
    </p>
   </div>
   <div class='ocr_carea' id='block_1_2' title="bbox 356 527 1636 717">
    <p class='ocr_par' dir='ltr' id='par_1_2' title="bbox 356 527 1636 717">
     <span class='ocr_line' id='line_1_2' title="bbox 439 527 1636 626; baseline 0.013 -35"><span class='ocrx_word' id='word_1_4' title='bbox 439 527 524 599; x_wconf 72' lang='grc'><em>4965</em></span> <span class='ocrx_word' id='word_1_5' title='bbox 568 533 597 593; x_wconf 93' lang='lat' dir='ltr'>d.</span> <span class='ocrx_word' id='word_1_6' title='bbox 619 533 681 614; x_wconf 74' lang='grc'>64)</span> <span class='ocrx_word' id='word_1_7' title='bbox 707 533 853 596; x_wconf 81' lang='lat' dir='ltr'>Saturno²</span> <span class='ocrx_word' id='word_1_8' title='bbox 876 532 881 618; x_wconf 89' lang='grc' dir='ltr'>Ι</span> <span class='ocrx_word' id='word_1_9' title='bbox 907 555 943 598; x_wconf 83' lang='lat' dir='ltr'>er</span> <span class='ocrx_word' id='word_1_10' title='bbox 965 537 1047 622; x_wconf 83' lang='grc'><em>664.)</em></span> <span class='ocrx_word' id='word_1_11' title='bbox 1068 537 1109 601; x_wconf 86' lang='lat' dir='ltr'>Cl.</span> <span class='ocrx_word' id='word_1_12' title='bbox 1132 539 1301 603; x_wconf 79' lang='lat' dir='ltr'>Victorinus</span> <span class='ocrx_word' id='word_1_13' title='bbox 1326 539 1332 626; x_wconf 78' lang='grc' dir='ltr'>Ι</span> <span class='ocrx_word' id='word_1_14' title='bbox 1354 541 1421 624; x_wconf 74' lang='lat' dir='ltr'>sig.¹</span> <span class='ocrx_word' id='word_1_15' title='bbox 1443 561 1512 605; x_wconf 88' lang='lat' dir='ltr'>cum</span> <span class='ocrx_word' id='word_1_16' title='bbox 1534 542 1605 607; x_wconf 87' lang='lat' dir='ltr'>base</span> <span class='ocrx_word' id='word_1_17' title='bbox 1630 547 1636 622; x_wconf 91' lang='grc' dir='ltr'>Ι</span> 
     </span>
     <span class='ocr_line' id='line_1_3' title="bbox 356 632 891 717; baseline 0.013 -24"><span class='ocrx_word' id='word_1_18' title='bbox 356 652 411 714; x_wconf 85' lang='lat' dir='ltr'>pro</span> <span class='ocrx_word' id='word_1_19' title='bbox 435 633 487 695; x_wconf 88' lang='lat' dir='ltr'>sal.</span> <span class='ocrx_word' id='word_1_20' title='bbox 509 653 562 696; x_wconf 91' lang='lat' dir='ltr'>sua</span> <span class='ocrx_word' id='word_1_21' title='bbox 581 632 642 717; x_wconf 74' lang='grc'>(64</span> <span class='ocrx_word' id='word_1_22' title='bbox 664 651 745 697; x_wconf 89' lang='lat' dir='ltr'>omn.</span> <span class='ocrx_word' id='word_1_23' title='bbox 768 637 787 698; x_wconf 94' lang='grc'>4.</span> <span class='ocrx_word' id='word_1_24' title='bbox 811 637 829 698; x_wconf 94' lang='grc'>4.</span> <span class='ocrx_word' id='word_1_25' title='bbox 852 657 891 700; x_wconf 89' lang='lat' dir='ltr'>m.</span> 
     </span>
    </p>
   </div>
   <div class='ocr_carea' id='block_1_3' title="bbox 356 750 1639 1249">
    <p class='ocr_par' dir='ltr' id='par_1_3' title="bbox 356 750 1639 1249">
     <span class='ocr_line' id='line_1_4' title="bbox 440 750 1639 826; baseline 0.012 -22"><span class='ocrx_word' id='word_1_26' title='bbox 440 752 526 818; x_wconf 81' lang='lat' dir='ltr'>Prope</span> <span class='ocrx_word' id='word_1_27' title='bbox 546 750 701 804; x_wconf 81' lang='lat' dir='ltr'>Tridentum</span> <span class='ocrx_word' id='word_1_28' title='bbox 718 770 775 820; x_wconf 79' lang='lat' dir='ltr'>rep.</span> <span class='ocrx_word' id='word_1_29' title='bbox 792 753 836 822; x_wconf 86' lang='lat' dir='ltr'>(V</span> <span class='ocrx_word' id='word_1_30' title='bbox 841 756 908 808; x_wconf 81' lang='grc'><em>6624</em></span> <span class='ocrx_word' id='word_1_31' title='bbox 926 757 997 808; x_wconf 86' lang='lat' dir='ltr'>uidit</span> <span class='ocrx_word' id='word_1_32' title='bbox 1014 757 1179 826; x_wconf 76' lang='lat' dir='ltr'>Mommsen).</span> <span class='ocrx_word' id='word_1_33' title='bbox 1196 787 1230 800; x_wconf 90' lang='lat'><em>-</em></span> <span class='ocrx_word' id='word_1_34' title='bbox 1250 762 1274 824; x_wconf 93' lang='grc'>4)</span> <span class='ocrx_word' id='word_1_35' title='bbox 1292 760 1349 812; x_wconf 88' lang='lat' dir='ltr'>Deo</span> <span class='ocrx_word' id='word_1_36' title='bbox 1366 769 1469 816; x_wconf 76' lang='lat' dir='ltr'>sancio.</span> <span class='ocrx_word' id='word_1_37' title='bbox 1482 792 1517 802; x_wconf 96' lang='lat'><em>-</em></span> <span class='ocrx_word' id='word_1_38' title='bbox 1535 767 1562 826; x_wconf 81' lang='lat'>²)</span> <span class='ocrx_word' id='word_1_39' title='bbox 1581 764 1639 817; x_wconf 79' lang='lat'><em>001·</em></span> 
     </span>
     <span class='ocr_line' id='line_1_5' title="bbox 357 838 1639 916; baseline 0.009 -26"><span class='ocrx_word' id='word_1_40' title='bbox 357 839 412 890; x_wconf 86' lang='grc'><em>4646</em></span> <span class='ocrx_word' id='word_1_41' title='bbox 429 838 509 896; x_wconf 81' lang='grc'><em>444646</em></span> <span class='ocrx_word' id='word_1_42' title='bbox 527 853 558 888; x_wconf 89' lang='lat' dir='ltr'>eo</span> <span class='ocrx_word' id='word_1_43' title='bbox 576 839 624 903; x_wconf 82' lang='lat' dir='ltr'>qui</span> <span class='ocrx_word' id='word_1_44' title='bbox 638 839 780 904; x_wconf 81' lang='lat' dir='ltr'>praecedit</span> <span class='ocrx_word' id='word_1_45' title='bbox 796 847 910 908; x_wconf 80' lang='lat' dir='ltr'>apparel</span> <span class='ocrx_word' id='word_1_46' title='bbox 927 841 1043 895; x_wconf 83' lang='lat' dir='ltr'>Saturni</span> <span class='ocrx_word' id='word_1_47' title='bbox 1058 845 1166 894; x_wconf 83' lang='lat' dir='ltr'>nomine</span> <span class='ocrx_word' id='word_1_48' title='bbox 1183 845 1228 896; x_wconf 85' lang='lat' dir='ltr'>lric</span> <span class='ocrx_word' id='word_1_49' title='bbox 1250 848 1277 896; x_wconf 84' lang='lat' dir='ltr'>et</span> <span class='ocrx_word' id='word_1_50' title='bbox 1298 848 1328 896; x_wconf 84' lang='lat' dir='ltr'>in</span> <span class='ocrx_word' id='word_1_51' title='bbox 1346 846 1409 898; x_wconf 78' lang='lat' dir='ltr'>aliis</span> <span class='ocrx_word' id='word_1_52' title='bbox 1426 849 1513 900; x_wconf 77' lang='lat' dir='ltr'>titulis</span> <span class='ocrx_word' id='word_1_53' title='bbox 1530 849 1639 916; x_wconf 76' lang='lat' dir='ltr'>Alpinis</span> 
     </span>
     <span class='ocr_line' id='line_1_6' title="bbox 356 921 1639 1000; baseline 0.009 -24"><span class='ocrx_word' id='word_1_54' title='bbox 356 929 383 976; x_wconf 87' lang='lat' dir='ltr'>et</span> <span class='ocrx_word' id='word_1_55' title='bbox 399 923 556 992; x_wconf 82' lang='lat' dir='ltr'>Sudaipirrir</span> <span class='ocrx_word' id='word_1_56' title='bbox 574 924 669 989; x_wconf 79' lang='lat' dir='ltr'>(cupra</span> <span class='ocrx_word' id='word_1_57' title='bbox 686 921 721 976; x_wconf 86' lang='lat' dir='ltr'>N.</span> <span class='ocrx_word' id='word_1_58' title='bbox 732 925 882 979; x_wconf 75' lang='grc'><em>46266616</em></span> <span class='ocrx_word' id='word_1_59' title='bbox 900 933 954 980; x_wconf 78' lang='lat' dir='ltr'>not</span> <span class='ocrx_word' id='word_1_60' title='bbox 973 927 999 980; x_wconf 87' lang='lat' dir='ltr'><em>V</em></span> <span class='ocrx_word' id='word_1_61' title='bbox 1008 928 1082 981; x_wconf 84' lang='grc'><em>444446.</em></span> <span class='ocrx_word' id='word_1_62' title='bbox 1093 930 1161 982; x_wconf 81' lang='grc'><em>6624</em></span> <span class='ocrx_word' id='word_1_63' title='bbox 1170 934 1232 994; x_wconf 84' lang='grc'><em>664.)</em></span> <span class='ocrx_word' id='word_1_64' title='bbox 1251 931 1371 997; x_wconf 68' lang='lat' dir='ltr'>intellegi</span> <span class='ocrx_word' id='word_1_65' title='bbox 1387 947 1486 984; x_wconf 81' lang='lat' dir='ltr'>numen</span> <span class='ocrx_word' id='word_1_66' title='bbox 1503 934 1639 1000; x_wconf 81' lang='lat' dir='ltr'>quoddam</span> 
     </span>
     <span class='ocr_line' id='line_1_7' title="bbox 357 1007 1639 1086; baseline 0.01 -29"><span class='ocrx_word' id='word_1_67' title='bbox 357 1010 531 1075; x_wconf 84' lang='lat' dir='ltr'>epicleorium.</span> <span class='ocrx_word' id='word_1_68' title='bbox 566 1007 608 1058; x_wconf 86' lang='lat' dir='ltr'>De</span> <span class='ocrx_word' id='word_1_69' title='bbox 626 1012 749 1060; x_wconf 72' lang='grc'><em>46666646</em></span> <span class='ocrx_word' id='word_1_70' title='bbox 772 1013 854 1062; x_wconf 74' lang='lat' dir='ltr'>duim</span> <span class='ocrx_word' id='word_1_71' title='bbox 872 1011 997 1074; x_wconf 78' lang='lat' dir='ltr'>Saturni,</span> <span class='ocrx_word' id='word_1_72' title='bbox 1022 1014 1095 1079; x_wconf 88' lang='lat' dir='ltr'>quod</span> <span class='ocrx_word' id='word_1_73' title='bbox 1114 1011 1171 1074; x_wconf 78' lang='lat' dir='ltr'>suit</span> <span class='ocrx_word' id='word_1_74' title='bbox 1192 1018 1221 1065; x_wconf 84' lang='grc'>46</span> <span class='ocrx_word' id='word_1_75' title='bbox 1244 1014 1314 1066; x_wconf 85' lang='grc'><em>66446</em></span> <span class='ocrx_word' id='word_1_76' title='bbox 1331 1017 1449 1068; x_wconf 78' lang='grc'><em>,466666</em></span> <span class='ocrx_word' id='word_1_77' title='bbox 1470 1034 1556 1086; x_wconf 75' lang='lat' dir='ltr'>prope</span> <span class='ocrx_word' id='word_1_78' title='bbox 1575 1018 1639 1084; x_wconf 81' lang='lat' dir='ltr'>Glee,</span> 
     </span>
     <span class='ocr_line' id='line_1_8' title="bbox 357 1094 1639 1169; baseline 0.009 -24"><span class='ocrx_word' id='word_1_79' title='bbox 357 1095 394 1146; x_wconf 91' lang='lat' dir='ltr'>ad</span> <span class='ocrx_word' id='word_1_80' title='bbox 409 1094 482 1161; x_wconf 88' lang='lat' dir='ltr'>quod</span> <span class='ocrx_word' id='word_1_81' title='bbox 496 1097 689 1160; x_wconf 69' lang='grc'><em>6644666664</em></span> <span class='ocrx_word' id='word_1_82' title='bbox 706 1096 781 1146; x_wconf 81' lang='lat' dir='ltr'>tituli</span> <span class='ocrx_word' id='word_1_83' title='bbox 800 1097 829 1148; x_wconf 92' lang='lat' dir='ltr'><em>V</em></span> <span class='ocrx_word' id='word_1_84' title='bbox 834 1097 1007 1160; x_wconf 78' lang='lat' dir='ltr'>coar-toea,</span> <span class='ocrx_word' id='word_1_85' title='bbox 1024 1101 1081 1164; x_wconf 71' lang='lat' dir='ltr'>egit</span> <span class='ocrx_word' id='word_1_86' title='bbox 1099 1098 1193 1166; x_wconf 75' lang='grc'><em>066664</em></span> <span class='ocrx_word' id='word_1_87' title='bbox 1209 1102 1283 1155; x_wconf 70' lang='lat' dir='ltr'>arole</span> <span class='ocrx_word' id='word_1_88' title='bbox 1300 1117 1339 1169; x_wconf 81' lang='lat' dir='ltr'>ap.</span> <span class='ocrx_word' id='word_1_89' title='bbox 1352 1101 1442 1156; x_wconf 78' lang='lat' dir='ltr'>titul.</span> <span class='ocrx_word' id='word_1_90' title='bbox 1460 1119 1511 1156; x_wconf 77' lang='lat' dir='ltr'>aare</span> <span class='ocrx_word' id='word_1_91' title='bbox 1524 1104 1639 1156; x_wconf 72' lang='grc'><em>0664666.</em></span> 
     </span>
     <span class='ocr_line' id='line_1_9' title="bbox 357 1179 1108 1249; baseline 0.008 -19"><span class='ocrx_word' id='word_1_92' title='bbox 357 1179 396 1240; x_wconf 85' lang='grc'>46,</span> <span class='ocrx_word' id='word_1_93' title='bbox 414 1179 482 1232; x_wconf 78' lang='grc'><em>48446</em></span> <span class='ocrx_word' id='word_1_94' title='bbox 495 1194 523 1244; x_wconf 83' lang='lat' dir='ltr'>p.</span> <span class='ocrx_word' id='word_1_95' title='bbox 536 1179 576 1232; x_wconf 84' lang='grc'>74.</span> <span class='ocrx_word' id='word_1_96' title='bbox 593 1208 628 1218; x_wconf 94' lang='grc'>-</span> <span class='ocrx_word' id='word_1_97' title='bbox 645 1183 671 1246; x_wconf 82' lang='grc'>6)</span> <span class='ocrx_word' id='word_1_98' title='bbox 689 1180 812 1247; x_wconf 59' lang='lat' dir='ltr'>smum.</span> <span class='ocrx_word' id='word_1_99' title='bbox 830 1211 864 1220; x_wconf 92' lang='lat'>—</span> <span class='ocrx_word' id='word_1_100' title='bbox 885 1184 911 1245; x_wconf 81' lang='grc'>4)</span> <span class='ocrx_word' id='word_1_101' title='bbox 930 1181 1108 1249; x_wconf 81' lang='lat' dir='ltr'>suorumque.</span> 
     </span>
    </p>
   </div>
   <div class='ocr_carea' id='block_1_4' title="bbox 814 1375 1180 1473">
    <p class='ocr_par' dir='ltr' id='par_1_4' title="bbox 814 1375 1180 1473">
     <span class='ocr_line' id='line_1_10' title="bbox 814 1375 1180 1473; baseline 0.003 -25"><span class='ocrx_word' id='word_1_102' title='bbox 814 1375 936 1470; x_wconf 81' lang='lat' dir='ltr'><strong>Leges</strong></span> <span class='ocrx_word' id='word_1_103' title='bbox 957 1376 1180 1473; x_wconf 87' lang='lat' dir='ltr'>templorum.</span> 
     </span>
    </p>
   </div>
   <div class='ocr_carea' id='block_1_5' title="bbox 360 1503 1660 2108">
    <p class='ocr_par' dir='ltr' id='par_1_5' title="bbox 360 1503 1660 2108">
     <span class='ocr_line' id='line_1_11' title="bbox 443 1503 1641 1596; baseline 0.003 -21"><span class='ocrx_word' id='word_1_104' title='bbox 443 1503 530 1575; x_wconf 77' lang='grc'><em>444444</em></span> <span class='ocrx_word' id='word_1_105' title='bbox 559 1508 592 1569; x_wconf 87' lang='lat' dir='ltr'>L.</span> <span class='ocrx_word' id='word_1_106' title='bbox 605 1509 716 1571; x_wconf 70' lang='lat' dir='ltr'>lienus</span> <span class='ocrx_word' id='word_1_107' title='bbox 731 1509 764 1570; x_wconf 85' lang='lat' dir='ltr'>L.</span> <span class='ocrx_word' id='word_1_108' title='bbox 781 1511 810 1584; x_wconf 86' lang='grc'>4.,</span> <span class='ocrx_word' id='word_1_109' title='bbox 834 1511 870 1583; x_wconf 85' lang='lat' dir='ltr'>Q.</span> <span class='ocrx_word' id='word_1_110' title='bbox 885 1511 1041 1574; x_wconf 86' lang='lat' dir='ltr'>Baebatius</span> <span class='ocrx_word' id='word_1_111' title='bbox 1056 1512 1123 1574; x_wconf 88' lang='lat' dir='ltr'>Sex.</span> <span class='ocrx_word' id='word_1_112' title='bbox 1139 1513 1159 1574; x_wconf 90' lang='grc'>4.</span> <span class='ocrx_word' id='word_1_113' title='bbox 1175 1512 1277 1574; x_wconf 88' lang='lat' dir='ltr'>aedem</span> <span class='ocrx_word' id='word_1_114' title='bbox 1292 1510 1468 1574; x_wconf 75' lang='lat' dir='ltr'>dedicarunt</span> <span class='ocrx_word' id='word_1_115' title='bbox 1486 1511 1491 1596; x_wconf 84' lang='grc' dir='ltr'>Ι</span> <span class='ocrx_word' id='word_1_116' title='bbox 1512 1515 1550 1591; x_wconf 80' lang='lat' dir='ltr'>(u)</span> <span class='ocrx_word' id='word_1_117' title='bbox 1566 1514 1641 1578; x_wconf 80' lang='lat' dir='ltr'>lov&#39;s</span> 
     </span>
     <span class='ocr_line' id='line_1_12' title="bbox 360 1611 1641 1692; baseline 0.005 -20"><span class='ocrx_word' id='word_1_118' title='bbox 360 1611 476 1673; x_wconf 86' lang='lat' dir='ltr'>Liberi¹</span> <span class='ocrx_word' id='word_1_119' title='bbox 500 1611 632 1672; x_wconf 80' lang='lat' dir='ltr'>Furione</span> <span class='ocrx_word' id='word_1_120' title='bbox 649 1629 675 1672; x_wconf 91' lang='lat' dir='ltr'>a.</span> <span class='ocrx_word' id='word_1_121' title='bbox 691 1611 720 1673; x_wconf 93' lang='lat' dir='ltr'>d.</span> <span class='ocrx_word' id='word_1_122' title='bbox 736 1611 777 1672; x_wconf 94' lang='grc'>444</span> <span class='ocrx_word' id='word_1_123' title='bbox 793 1613 859 1675; x_wconf 88' lang='lat' dir='ltr'>idus</span> <span class='ocrx_word' id='word_1_124' title='bbox 873 1614 1050 1686; x_wconf 84' lang='lat' dir='ltr'>Quinctileis</span> <span class='ocrx_word' id='word_1_125' title='bbox 1065 1615 1099 1676; x_wconf 88' lang='lat' dir='ltr'>L.</span> <span class='ocrx_word' id='word_1_126' title='bbox 1116 1614 1223 1677; x_wconf 84' lang='lat' dir='ltr'>Pisone</span> <span class='ocrx_word' id='word_1_127' title='bbox 1239 1615 1272 1674; x_wconf 79' lang='grc' dir='ltr'><em>Α.</em></span> <span class='ocrx_word' id='word_1_128' title='bbox 1289 1612 1414 1676; x_wconf 90' lang='lat' dir='ltr'>Gabinio</span> <span class='ocrx_word' id='word_1_129' title='bbox 1431 1615 1514 1692; x_wconf 79' lang='lat' dir='ltr'>cos&#39;,</span> <span class='ocrx_word' id='word_1_130' title='bbox 1537 1635 1641 1679; x_wconf 88' lang='lat' dir='ltr'>mense</span> 
     </span>
     <span class='ocr_line' id='line_1_13' title="bbox 360 1711 1660 1797; baseline 0.003 -21"><span class='ocrx_word' id='word_1_131' title='bbox 360 1711 522 1796; x_wconf 77' lang='lat' dir='ltr'>Flueare⁸l</span> <span class='ocrx_word' id='word_1_132' title='bbox 548 1714 585 1790; x_wconf 83' lang='grc'><em>(6)</em></span> <span class='ocrx_word' id='word_1_133' title='bbox 609 1713 799 1776; x_wconf 81' lang='lat' dir='ltr'>comulateis⁴</span> <span class='ocrx_word' id='word_1_134' title='bbox 825 1715 908 1778; x_wconf 89' lang='lat' dir='ltr'>olleis</span> <span class='ocrx_word' id='word_1_135' title='bbox 937 1716 1051 1797; x_wconf 76' lang='lat' dir='ltr'>legibus</span> <span class='ocrx_word' id='word_1_136' title='bbox 1079 1717 1153 1780; x_wconf 86' lang='lat' dir='ltr'>illeis</span> <span class='ocrx_word' id='word_1_137' title='bbox 1180 1713 1367 1796; x_wconf 77' lang='lat' dir='ltr'>regionibus,</span> <span class='ocrx_word' id='word_1_138' title='bbox 1400 1717 1461 1778; x_wconf 88' lang='lat' dir='ltr'>utel</span> <span class='ocrx_word' id='word_1_139' title='bbox 1491 1725 1660 1780; x_wconf 84' lang='lat' dir='ltr'>extremae-</span> 
     </span>
     <span class='ocr_line' id='line_1_14' title="bbox 361 1813 1641 1899; baseline 0.001 -20"><span class='ocrx_word' id='word_1_140' title='bbox 361 1817 457 1879; x_wconf 93' lang='lat' dir='ltr'>undae</span> <span class='ocrx_word' id='word_1_141' title='bbox 479 1815 574 1896; x_wconf 81' lang='lat' dir='ltr'>quae‘</span> <span class='ocrx_word' id='word_1_142' title='bbox 600 1814 696 1895; x_wconf 85' lang='lat' dir='ltr'>lapide</span> <span class='ocrx_word' id='word_1_143' title='bbox 715 1813 720 1898; x_wconf 84' lang='grc' dir='ltr'>Ι</span> <span class='ocrx_word' id='word_1_144' title='bbox 740 1818 777 1895; x_wconf 85' lang='grc'>(1)</span> <span class='ocrx_word' id='word_1_145' title='bbox 800 1818 873 1879; x_wconf 89' lang='lat' dir='ltr'>iacta</span> <span class='ocrx_word' id='word_1_146' title='bbox 896 1819 1042 1899; x_wconf 85' lang='lat' dir='ltr'>hoiueque</span> <span class='ocrx_word' id='word_1_147' title='bbox 1072 1820 1151 1882; x_wconf 87' lang='lat' dir='ltr'>aedis</span> <span class='ocrx_word' id='word_1_148' title='bbox 1174 1837 1244 1898; x_wconf 80' lang='lat' dir='ltr'>ergo</span> <span class='ocrx_word' id='word_1_149' title='bbox 1273 1817 1394 1897; x_wconf 78' lang='lat' dir='ltr'>meique</span> <span class='ocrx_word' id='word_1_150' title='bbox 1422 1818 1457 1879; x_wconf 90' lang='lat' dir='ltr'>ad</span> <span class='ocrx_word' id='word_1_151' title='bbox 1481 1837 1546 1880; x_wconf 90' lang='lat' dir='ltr'>eam</span> <span class='ocrx_word' id='word_1_152' title='bbox 1569 1821 1641 1882; x_wconf 92' lang='lat' dir='ltr'>aede</span> 
     </span>
     <span class='ocr_line' id='line_1_15' title="bbox 360 1912 1641 2002; baseline 0 -21"><span class='ocrx_word' id='word_1_153' title='bbox 360 1919 513 1999; x_wconf 89' lang='lat' dir='ltr'>scalasque</span> <span class='ocrx_word' id='word_1_154' title='bbox 535 1918 630 1999; x_wconf 87' lang='lat' dir='ltr'>lapide</span> <span class='ocrx_word' id='word_1_155' title='bbox 647 1912 887 2002; x_wconf 83' lang='lat' dir='ltr'>et[r]uctuendo⁸</span> <span class='ocrx_word' id='word_1_156' title='bbox 906 1917 911 2002; x_wconf 84' lang='grc' dir='ltr'>Ι</span> <span class='ocrx_word' id='word_1_157' title='bbox 931 1921 967 2000; x_wconf 88' lang='grc'><em>(6)</em></span> <span class='ocrx_word' id='word_1_158' title='bbox 990 1922 1147 1984; x_wconf 79' lang='lat' dir='ltr'><strong>columnae</strong></span> <span class='ocrx_word' id='word_1_159' title='bbox 1168 1931 1248 1983; x_wconf 89' lang='lat' dir='ltr'>stant</span> <span class='ocrx_word' id='word_1_160' title='bbox 1270 1921 1343 1983; x_wconf 88' lang='lat' dir='ltr'>citra</span> <span class='ocrx_word' id='word_1_161' title='bbox 1364 1920 1457 1983; x_wconf 86' lang='lat' dir='ltr'>scalas</span> <span class='ocrx_word' id='word_1_162' title='bbox 1479 1920 1515 1981; x_wconf 96' lang='lat' dir='ltr'>ad</span> <span class='ocrx_word' id='word_1_163' title='bbox 1539 1921 1641 1983; x_wconf 89' lang='lat' dir='ltr'>aedem</span> 
     </span>
     <span class='ocr_line' id='line_1_16' title="bbox 360 2016 1642 2108; baseline 0.002 -26"><span class='ocrx_word' id='word_1_164' title='bbox 360 2039 472 2096; x_wconf 84' lang='lat' dir='ltr'>versus,</span> <span class='ocrx_word' id='word_1_165' title='bbox 493 2020 668 2102; x_wconf 78' lang='lat' dir='ltr'>stipitesque</span> <span class='ocrx_word' id='word_1_166' title='bbox 689 2021 769 2083; x_wconf 81' lang='lat' dir='ltr'>aedis</span> <span class='ocrx_word' id='word_1_167' title='bbox 791 2016 923 2108; x_wconf 81' lang='lat' dir='ltr'>hu[i]us⁷</span> <span class='ocrx_word' id='word_1_168' title='bbox 944 2019 1277 2108; x_wconf 75' lang='lat' dir='ltr'>tabulal-(6)mentaque.</span> <span class='ocrx_word' id='word_1_169' title='bbox 1312 2022 1378 2084; x_wconf 86' lang='lat' dir='ltr'>Utoi</span> <span class='ocrx_word' id='word_1_170' title='bbox 1393 2031 1516 2102; x_wconf 77' lang='lat' dir='ltr'>tangere</span> <span class='ocrx_word' id='word_1_171' title='bbox 1530 2023 1642 2084; x_wconf 81' lang='lat' dir='ltr'>sarcire</span> 
     </span>
    </p>
   </div>
   <div class='ocr_carea' id='block_1_6' title="bbox 361 2121 1644 2718">
    <p class='ocr_par' dir='ltr' id='par_1_6' title="bbox 361 2121 1644 2718">
     <span class='ocr_line' id='line_1_17' title="bbox 362 2121 1644 2209; baseline 0.001 -24"><span class='ocrx_word' id='word_1_172' title='bbox 362 2133 463 2206; x_wconf 82' lang='lat' dir='ltr'>tegere</span> <span class='ocrx_word' id='word_1_173' title='bbox 490 2122 634 2184; x_wconf 82' lang='lat' dir='ltr'>devehere</span> <span class='ocrx_word' id='word_1_174' title='bbox 662 2121 792 2203; x_wconf 77' lang='lat' dir='ltr'>defigere</span> <span class='ocrx_word' id='word_1_175' title='bbox 819 2125 977 2186; x_wconf 76' lang='lat' dir='ltr'>mandare·</span> <span class='ocrx_word' id='word_1_176' title='bbox 1003 2126 1084 2187; x_wconf 86' lang='lat' dir='ltr'>ierro</span> <span class='ocrx_word' id='word_1_177' title='bbox 1108 2124 1183 2188; x_wconf 84' lang='lat' dir='ltr'>oeti⁹</span> <span class='ocrx_word' id='word_1_178' title='bbox 1208 2123 1213 2209; x_wconf 87' lang='grc' dir='ltr'>Ι</span> <span class='ocrx_word' id='word_1_179' title='bbox 1239 2126 1275 2204; x_wconf 82' lang='grc'>(1)</span> <span class='ocrx_word' id='word_1_180' title='bbox 1299 2141 1474 2206; x_wconf 84' lang='lat' dir='ltr'>promovere</span> <span class='ocrx_word' id='word_1_181' title='bbox 1501 2125 1644 2186; x_wconf 86' lang='lat' dir='ltr'>reiarre¹⁰</span> 
     </span>
     <span class='ocr_line' id='line_1_18' title="bbox 362 2223 1642 2306; baseline 0 -19"><span class='ocrx_word' id='word_1_182' title='bbox 362 2227 465 2306; x_wconf 88' lang='lat' dir='ltr'>iasquo</span> <span class='ocrx_word' id='word_1_183' title='bbox 487 2234 561 2286; x_wconf 86' lang='lat' dir='ltr'>esto.</span> <span class='ocrx_word' id='word_1_184' title='bbox 606 2224 655 2285; x_wconf 92' lang='lat' dir='ltr'>Sei</span> <span class='ocrx_word' id='word_1_185' title='bbox 677 2223 757 2304; x_wconf 90' lang='lat' dir='ltr'>quod</span> <span class='ocrx_word' id='word_1_186' title='bbox 786 2226 821 2286; x_wconf 95' lang='lat' dir='ltr'>ad</span> <span class='ocrx_word' id='word_1_187' title='bbox 845 2245 910 2288; x_wconf 87' lang='lat' dir='ltr'>eam</span> <span class='ocrx_word' id='word_1_188' title='bbox 933 2229 1034 2289; x_wconf 87' lang='lat' dir='ltr'>aedem</span> <span class='ocrx_word' id='word_1_189' title='bbox 1063 2228 1177 2289; x_wconf 90' lang='lat' dir='ltr'>donum</span> <span class='ocrx_word' id='word_1_190' title='bbox 1203 2227 1303 2290; x_wconf 90' lang='lat' dir='ltr'>datum</span> <span class='ocrx_word' id='word_1_191' title='bbox 1325 2227 1496 2290; x_wconf 87' lang='lat' dir='ltr'>donatum¹¹</span> <span class='ocrx_word' id='word_1_192' title='bbox 1524 2225 1642 2288; x_wconf 89' lang='lat' dir='ltr'>dedica·</span> 
     </span>
     <span class='ocr_line' id='line_1_19' title="bbox 361 2323 1642 2412; baseline 0.001 -24"><span class='ocrx_word' id='word_1_193' title='bbox 361 2323 617 2412; x_wconf 56' lang='grc'>1166)(666661441</span> <span class='ocrx_word' id='word_1_194' title='bbox 640 2327 702 2388; x_wconf 89' lang='lat' dir='ltr'>utei</span> <span class='ocrx_word' id='word_1_195' title='bbox 724 2327 811 2389; x_wconf 87' lang='lat' dir='ltr'>liceat</span> <span class='ocrx_word' id='word_1_196' title='bbox 832 2329 891 2390; x_wconf 90' lang='lat' dir='ltr'>oeti</span> <span class='ocrx_word' id='word_1_197' title='bbox 914 2348 1021 2392; x_wconf 87' lang='lat' dir='ltr'>renum</span> <span class='ocrx_word' id='word_1_198' title='bbox 1044 2330 1157 2405; x_wconf 88' lang='lat' dir='ltr'>dare¹¹;</span> <span class='ocrx_word' id='word_1_199' title='bbox 1180 2328 1248 2392; x_wconf 90' lang='lat' dir='ltr'>ubei</span> <span class='ocrx_word' id='word_1_200' title='bbox 1270 2347 1379 2392; x_wconf 84' lang='lat' dir='ltr'>venum</span> <span class='ocrx_word' id='word_1_201' title='bbox 1401 2329 1502 2390; x_wconf 89' lang='lat' dir='ltr'>datum</span> <span class='ocrx_word' id='word_1_202' title='bbox 1524 2327 1592 2402; x_wconf 79' lang='lat' dir='ltr'>erit,</span> <span class='ocrx_word' id='word_1_203' title='bbox 1614 2328 1642 2390; x_wconf 92' lang='lat' dir='ltr'>id</span> 
     </span>
     <span class='ocr_line' id='line_1_20' title="bbox 362 2427 1644 2512; baseline 0.001 -21"><span class='ocrx_word' id='word_1_204' title='bbox 362 2431 521 2511; x_wconf 80' lang='lat' dir='ltr'>profanum</span> <span class='ocrx_word' id='word_1_205' title='bbox 544 2438 617 2491; x_wconf 88' lang='lat' dir='ltr'>esto.</span> <span class='ocrx_word' id='word_1_206' title='bbox 658 2427 794 2490; x_wconf 81' lang='lat' dir='ltr'>venditio</span> <span class='ocrx_word' id='word_1_207' title='bbox 814 2428 819 2512; x_wconf 85' lang='grc' dir='ltr'>Ι</span> <span class='ocrx_word' id='word_1_208' title='bbox 839 2431 876 2506; x_wconf 87' lang='grc'>(9)</span> <span class='ocrx_word' id='word_1_209' title='bbox 899 2431 1005 2494; x_wconf 89' lang='lat' dir='ltr'>locatio</span> <span class='ocrx_word' id='word_1_210' title='bbox 1028 2431 1129 2494; x_wconf 85' lang='lat' dir='ltr'>aedilis</span> <span class='ocrx_word' id='word_1_211' title='bbox 1157 2441 1220 2494; x_wconf 89' lang='lat' dir='ltr'>esto</span> <span class='ocrx_word' id='word_1_212' title='bbox 1250 2449 1338 2511; x_wconf 89' lang='lat' dir='ltr'>quem</span> <span class='ocrx_word' id='word_1_213' title='bbox 1367 2449 1517 2510; x_wconf 88' lang='lat' dir='ltr'>quomque</span> <span class='ocrx_word' id='word_1_214' title='bbox 1543 2430 1644 2492; x_wconf 78' lang='lat' dir='ltr'>veiens</span> 
     </span>
     <span class='ocr_line' id='line_1_21' title="bbox 364 2528 1644 2618; baseline 0.001 -25"><span class='ocrx_word' id='word_1_215' title='bbox 364 2532 500 2593; x_wconf 84' lang='lat' dir='ltr'>Foriens.</span> <span class='ocrx_word' id='word_1_216' title='bbox 523 2530 636 2606; x_wconf 82' lang='lat' dir='ltr'>iecerit,</span> <span class='ocrx_word' id='word_1_217' title='bbox 659 2531 739 2610; x_wconf 91' lang='lat' dir='ltr'>quod</span> <span class='ocrx_word' id='word_1_218' title='bbox 762 2550 794 2592; x_wconf 88' lang='lat' dir='ltr'>se</span> <span class='ocrx_word' id='word_1_219' title='bbox 816 2528 980 2618; x_wconf 81' lang='lat' dir='ltr'>senti[a]t¹¹</span> <span class='ocrx_word' id='word_1_220' title='bbox 1002 2552 1065 2596; x_wconf 89' lang='lat' dir='ltr'>eam</span> <span class='ocrx_word' id='word_1_221' title='bbox 1088 2530 1248 2616; x_wconf 72' lang='grc'>1616)(10)</span> <span class='ocrx_word' id='word_1_222' title='bbox 1270 2533 1336 2595; x_wconf 86' lang='lat' dir='ltr'>eine</span> <span class='ocrx_word' id='word_1_223' title='bbox 1358 2534 1470 2595; x_wconf 90' lang='lat' dir='ltr'>scelere</span> <span class='ocrx_word' id='word_1_224' title='bbox 1493 2534 1558 2596; x_wconf 93' lang='lat' dir='ltr'>sine</span> <span class='ocrx_word' id='word_1_225' title='bbox 1581 2534 1644 2614; x_wconf 86' lang='lat' dir='ltr'>pia·</span> 
     </span>
     <span class='ocr_line' id='line_1_22' title="bbox 363 2631 1644 2718; baseline 0.003 -24"><span class='ocrx_word' id='word_1_226' title='bbox 363 2633 467 2708; x_wconf 84' lang='lat' dir='ltr'>culo¹⁸‚</span> <span class='ocrx_word' id='word_1_227' title='bbox 494 2632 547 2694; x_wconf 88' lang='lat' dir='ltr'>alis</span> <span class='ocrx_word' id='word_1_228' title='bbox 571 2651 608 2694; x_wconf 97' lang='lat' dir='ltr'>ne</span> <span class='ocrx_word' id='word_1_229' title='bbox 630 2643 758 2714; x_wconf 87' lang='lat' dir='ltr'>potesto.</span> <span class='ocrx_word' id='word_1_230' title='bbox 803 2634 886 2714; x_wconf 83' lang='lat' dir='ltr'>Quae</span> <span class='ocrx_word' id='word_1_231' title='bbox 905 2636 1036 2715; x_wconf 86' lang='lat' dir='ltr'>pequnia</span> <span class='ocrx_word' id='word_1_232' title='bbox 1064 2645 1182 2717; x_wconf 86' lang='lat' dir='ltr'>recepta</span> <span class='ocrx_word' id='word_1_233' title='bbox 1204 2636 1273 2710; x_wconf 83' lang='lat' dir='ltr'>erit,</span> <span class='ocrx_word' id='word_1_234' title='bbox 1304 2654 1337 2698; x_wconf 87' lang='lat' dir='ltr'>ea</span> <span class='ocrx_word' id='word_1_235' title='bbox 1359 2635 1490 2716; x_wconf 86' lang='lat' dir='ltr'>pequnia</span> <span class='ocrx_word' id='word_1_236' title='bbox 1512 2653 1614 2698; x_wconf 88' lang='lat' dir='ltr'>emere</span> <span class='ocrx_word' id='word_1_237' title='bbox 1638 2631 1644 2718; x_wconf 83' lang='grc' dir='ltr'>Ι</span> 
     </span>
    </p>
   </div>
   <div class='ocr_carea' id='block_1_7' title="bbox 364 2735 1764 2819">
    <p class='ocr_par' dir='ltr' id='par_1_7' title="bbox 364 2735 1764 2819">
     <span class='ocr_line' id='line_1_23' title="bbox 364 2735 1764 2819; baseline 0.001 -23"><span class='ocrx_word' id='word_1_238' title='bbox 364 2735 415 2812; x_wconf 93' lang='grc'>(11)</span> <span class='ocrx_word' id='word_1_239' title='bbox 439 2735 607 2797; x_wconf 86' lang='lat' dir='ltr'>conducere</span> <span class='ocrx_word' id='word_1_240' title='bbox 630 2736 729 2797; x_wconf 90' lang='lat' dir='ltr'>locare</span> <span class='ocrx_word' id='word_1_241' title='bbox 748 2736 827 2806; x_wconf 81' lang='lat' dir='ltr'>dare,</span> <span class='ocrx_word' id='word_1_242' title='bbox 850 2754 910 2816; x_wconf 93' lang='lat' dir='ltr'>quo</span> <span class='ocrx_word' id='word_1_243' title='bbox 934 2737 962 2798; x_wconf 93' lang='lat' dir='ltr'>id</span> <span class='ocrx_word' id='word_1_244' title='bbox 985 2738 1129 2819; x_wconf 88' lang='lat' dir='ltr'>templum</span> <span class='ocrx_word' id='word_1_245' title='bbox 1153 2737 1259 2799; x_wconf 89' lang='lat' dir='ltr'>melius</span> <span class='ocrx_word' id='word_1_246' title='bbox 1280 2738 1435 2800; x_wconf 86' lang='lat' dir='ltr'>honestius</span> <span class='ocrx_word' id='word_1_247' title='bbox 1457 2736 1523 2809; x_wconf 78' lang='lat' dir='ltr'>seit,</span> <span class='ocrx_word' id='word_1_248' title='bbox 1546 2736 1645 2799; x_wconf 90' lang='lat' dir='ltr'>liceto.</span> <span class='ocrx_word' id='word_1_249' title='bbox 1763 2759 1764 2770; x_wconf 54' lang='lat'>¹</span> 
     </span>
    </p>
   </div>
   <div class='ocr_carea' id='block_1_8' title="bbox 365 2837 1647 3634">
    <p class='ocr_par' dir='ltr' id='par_1_8' title="bbox 365 2837 1647 3634">
     <span class='ocr_line' id='line_1_24' title="bbox 365 2837 1646 2920; baseline 0.003 -23"><span class='ocrx_word' id='word_1_250' title='bbox 365 2837 448 2909; x_wconf 84' lang='lat' dir='ltr'>Quae</span> <span class='ocrx_word' id='word_1_251' title='bbox 476 2837 607 2918; x_wconf 87' lang='lat' dir='ltr'>pequnia</span> <span class='ocrx_word' id='word_1_252' title='bbox 634 2837 670 2899; x_wconf 90' lang='lat' dir='ltr'>ad</span> <span class='ocrx_word' id='word_1_253' title='bbox 699 2855 749 2900; x_wconf 87' lang='lat' dir='ltr'>eas</span> <span class='ocrx_word' id='word_1_254' title='bbox 779 2837 783 2920; x_wconf 91' lang='grc' dir='ltr'>Ι</span> <span class='ocrx_word' id='word_1_255' title='bbox 813 2840 867 2918; x_wconf 82' lang='lat' dir='ltr'>(tr)</span> <span class='ocrx_word' id='word_1_256' title='bbox 888 2857 937 2902; x_wconf 89' lang='lat' dir='ltr'>res</span> <span class='ocrx_word' id='word_1_257' title='bbox 966 2841 1032 2902; x_wconf 85' lang='lat' dir='ltr'>data</span> <span class='ocrx_word' id='word_1_258' title='bbox 1061 2840 1130 2914; x_wconf 88' lang='lat' dir='ltr'>erit,</span> <span class='ocrx_word' id='word_1_259' title='bbox 1164 2840 1289 2920; x_wconf 80' lang='lat' dir='ltr'>profana</span> <span class='ocrx_word' id='word_1_260' title='bbox 1316 2849 1390 2918; x_wconf 87' lang='lat' dir='ltr'>esto,</span> <span class='ocrx_word' id='word_1_261' title='bbox 1424 2839 1504 2920; x_wconf 93' lang='lat' dir='ltr'>quod</span> <span class='ocrx_word' id='word_1_262' title='bbox 1530 2840 1558 2901; x_wconf 93' lang='lat' dir='ltr'>d.</span> <span class='ocrx_word' id='word_1_263' title='bbox 1581 2839 1646 2900; x_wconf 77' lang='lat' dir='ltr'><strong>m.¹⁴</strong></span> 
     </span>
     <span class='ocr_line' id='line_1_25' title="bbox 366 2937 1645 3023; baseline 0.002 -23"><span class='ocrx_word' id='word_1_264' title='bbox 366 2959 428 3001; x_wconf 94' lang='lat' dir='ltr'>non</span> <span class='ocrx_word' id='word_1_265' title='bbox 452 2939 508 3001; x_wconf 86' lang='lat' dir='ltr'>erit</span> <span class='ocrx_word' id='word_1_266' title='bbox 529 2940 649 3002; x_wconf 86' lang='lat' dir='ltr'>iactum.</span> <span class='ocrx_word' id='word_1_267' title='bbox 693 2940 779 3012; x_wconf 85' lang='lat' dir='ltr'>Quod</span> <span class='ocrx_word' id='word_1_268' title='bbox 803 2951 936 3022; x_wconf 87' lang='lat' dir='ltr'>emptum</span> <span class='ocrx_word' id='word_1_269' title='bbox 959 2942 1017 3004; x_wconf 90' lang='lat' dir='ltr'>erit</span> <span class='ocrx_word' id='word_1_270' title='bbox 1037 2961 1106 3004; x_wconf 89' lang='lat' dir='ltr'>aere</span> <span class='ocrx_word' id='word_1_271' title='bbox 1127 2952 1179 3003; x_wconf 88' lang='lat' dir='ltr'>aut</span> <span class='ocrx_word' id='word_1_272' title='bbox 1199 2949 1323 3021; x_wconf 75' lang='lat' dir='ltr'>argento</span> <span class='ocrx_word' id='word_1_273' title='bbox 1344 2937 1348 3023; x_wconf 92' lang='grc' dir='ltr'>Ι</span> <span class='ocrx_word' id='word_1_274' title='bbox 1375 2942 1425 3020; x_wconf 83' lang='grc'>(16)</span> <span class='ocrx_word' id='word_1_275' title='bbox 1449 2960 1483 3002; x_wconf 85' lang='lat' dir='ltr'>ee</span> <span class='ocrx_word' id='word_1_276' title='bbox 1504 2942 1645 3022; x_wconf 70' lang='lat' dir='ltr'>pequnia,</span> 
     </span>
     <span class='ocr_line' id='line_1_26' title="bbox 365 3042 1646 3124; baseline 0 -20"><span class='ocrx_word' id='word_1_277' title='bbox 365 3059 441 3123; x_wconf 86' lang='lat' dir='ltr'>quae</span> <span class='ocrx_word' id='word_1_278' title='bbox 470 3042 600 3123; x_wconf 88' lang='lat' dir='ltr'>pequnia</span> <span class='ocrx_word' id='word_1_279' title='bbox 630 3042 665 3103; x_wconf 97' lang='lat' dir='ltr'>ad</span> <span class='ocrx_word' id='word_1_280' title='bbox 693 3042 721 3104; x_wconf 89' lang='lat' dir='ltr'>id</span> <span class='ocrx_word' id='word_1_281' title='bbox 750 3042 892 3123; x_wconf 87' lang='lat' dir='ltr'>templum</span> <span class='ocrx_word' id='word_1_282' title='bbox 901 3043 923 3077; x_wconf 83' lang='lat'>¹⁸</span> <span class='ocrx_word' id='word_1_283' title='bbox 952 3043 1019 3106; x_wconf 87' lang='lat' dir='ltr'>data</span> <span class='ocrx_word' id='word_1_284' title='bbox 1042 3045 1099 3107; x_wconf 91' lang='lat' dir='ltr'>erit</span> <span class='ocrx_word' id='word_1_285' title='bbox 1127 3043 1205 3124; x_wconf 93' lang='lat' dir='ltr'>quod</span> <span class='ocrx_word' id='word_1_286' title='bbox 1235 3052 1368 3123; x_wconf 88' lang='lat' dir='ltr'>emptum</span> <span class='ocrx_word' id='word_1_287' title='bbox 1392 3044 1461 3117; x_wconf 85' lang='lat' dir='ltr'>crit,</span> <span class='ocrx_word' id='word_1_288' title='bbox 1491 3043 1533 3105; x_wconf 90' lang='lat' dir='ltr'>eis</span> <span class='ocrx_word' id='word_1_289' title='bbox 1554 3042 1646 3105; x_wconf 86' lang='lat' dir='ltr'>rebus</span> 
     </span>
     <span class='ocr_line' id='line_1_27' title="bbox 366 3143 1646 3228; baseline 0 -22"><span class='ocrx_word' id='word_1_290' title='bbox 366 3148 468 3208; x_wconf 89' lang='lat' dir='ltr'>eadem</span> <span class='ocrx_word' id='word_1_291' title='bbox 497 3143 502 3228; x_wconf 92' lang='grc' dir='ltr'>Ι</span> <span class='ocrx_word' id='word_1_292' title='bbox 533 3146 583 3223; x_wconf 88' lang='grc'>(11)</span> <span class='ocrx_word' id='word_1_293' title='bbox 606 3144 653 3205; x_wconf 84' lang='lat' dir='ltr'>lex</span> <span class='ocrx_word' id='word_1_294' title='bbox 683 3153 757 3220; x_wconf 88' lang='lat' dir='ltr'>esto,</span> <span class='ocrx_word' id='word_1_295' title='bbox 785 3145 886 3224; x_wconf 88' lang='lat' dir='ltr'>quasei</span> <span class='ocrx_word' id='word_1_296' title='bbox 914 3146 957 3208; x_wconf 91' lang='lat' dir='ltr'>sei</span> <span class='ocrx_word' id='word_1_297' title='bbox 986 3146 1152 3209; x_wconf 87' lang='lat' dir='ltr'>dedicatum</span> <span class='ocrx_word' id='word_1_298' title='bbox 1182 3145 1229 3207; x_wconf 89' lang='lat' dir='ltr'>sit.</span> <span class='ocrx_word' id='word_1_299' title='bbox 1274 3143 1323 3207; x_wconf 89' lang='lat' dir='ltr'>Sei</span> <span class='ocrx_word' id='word_1_300' title='bbox 1352 3145 1403 3224; x_wconf 89' lang='lat' dir='ltr'>qui</span> <span class='ocrx_word' id='word_1_301' title='bbox 1432 3144 1499 3207; x_wconf 91' lang='lat' dir='ltr'>heic</span> <span class='ocrx_word' id='word_1_302' title='bbox 1526 3161 1646 3207; x_wconf 86' lang='lat' dir='ltr'>sacrum</span> 
     </span>
     <span class='ocr_line' id='line_1_28' title="bbox 365 3244 1646 3332; baseline -0.002 -22"><span class='ocrx_word' id='word_1_303' title='bbox 365 3247 552 3328; x_wconf 84' lang='lat' dir='ltr'>surupuerit,</span> <span class='ocrx_word' id='word_1_304' title='bbox 581 3245 682 3308; x_wconf 84' lang='lat' dir='ltr'>aedilis</span> <span class='ocrx_word' id='word_1_305' title='bbox 709 3247 843 3308; x_wconf 87' lang='lat' dir='ltr'>multatio</span> <span class='ocrx_word' id='word_1_306' title='bbox 866 3258 939 3323; x_wconf 88' lang='lat' dir='ltr'>esto,</span> <span class='ocrx_word' id='word_1_307' title='bbox 965 3244 971 3332; x_wconf 80' lang='grc' dir='ltr'>Ι</span> <span class='ocrx_word' id='word_1_308' title='bbox 997 3249 1048 3329; x_wconf 86' lang='grc'>(16)</span> <span class='ocrx_word' id='word_1_309' title='bbox 1071 3249 1173 3329; x_wconf 89' lang='lat' dir='ltr'>quanti</span> <span class='ocrx_word' id='word_1_310' title='bbox 1196 3247 1282 3309; x_wconf 84' lang='lat' dir='ltr'>volet.</span> <span class='ocrx_word' id='word_1_311' title='bbox 1326 3245 1420 3327; x_wconf 89' lang='lat' dir='ltr'>idque</span> <span class='ocrx_word' id='word_1_312' title='bbox 1443 3246 1542 3309; x_wconf 85' lang='lat' dir='ltr'>veicus</span> <span class='ocrx_word' id='word_1_313' title='bbox 1563 3245 1646 3308; x_wconf 82' lang='lat' dir='ltr'>Furi.</span> 
     </span>
     <span class='ocr_line' id='line_1_29' title="bbox 365 3347 1646 3432; baseline -0.002 -20"><span class='ocrx_word' id='word_1_314' title='bbox 365 3349 430 3412; x_wconf 79' lang='lat' dir='ltr'><strong>m.¹&#39;</strong></span> <span class='ocrx_word' id='word_1_315' title='bbox 457 3366 526 3430; x_wconf 87' lang='lat' dir='ltr'>pars</span> <span class='ocrx_word' id='word_1_316' title='bbox 552 3347 717 3410; x_wconf 83' lang='lat' dir='ltr'>flieltaree¹&#39;</span> <span class='ocrx_word' id='word_1_317' title='bbox 745 3350 787 3410; x_wconf 91' lang='lat' dir='ltr'>sei</span> <span class='ocrx_word' id='word_1_318' title='bbox 809 3349 961 3430; x_wconf 85' lang='lat' dir='ltr'>apsolvere</span> <span class='ocrx_word' id='word_1_319' title='bbox 987 3351 1088 3413; x_wconf 86' lang='lat' dir='ltr'>volent</span> <span class='ocrx_word' id='word_1_320' title='bbox 1112 3350 1173 3414; x_wconf 85' lang='lat' dir='ltr'>eive</span> <span class='ocrx_word' id='word_1_321' title='bbox 1201 3348 1414 3424; x_wconf 85' lang='lat' dir='ltr'>condemnare,</span> <span class='ocrx_word' id='word_1_322' title='bbox 1439 3347 1444 3432; x_wconf 86' lang='grc' dir='ltr'>Ι</span> <span class='ocrx_word' id='word_1_323' title='bbox 1471 3349 1524 3428; x_wconf 93' lang='grc'>(16)</span> <span class='ocrx_word' id='word_1_324' title='bbox 1547 3348 1646 3410; x_wconf 89' lang='lat' dir='ltr'>liceto.</span> 
     </span>
     <span class='ocr_line' id='line_1_30' title="bbox 366 3449 1647 3532; baseline 0.001 -20"><span class='ocrx_word' id='word_1_325' title='bbox 366 3452 415 3513; x_wconf 94' lang='lat' dir='ltr'>Sei</span> <span class='ocrx_word' id='word_1_326' title='bbox 437 3451 505 3531; x_wconf 90' lang='lat' dir='ltr'>quei</span> <span class='ocrx_word' id='word_1_327' title='bbox 536 3450 571 3512; x_wconf 97' lang='lat' dir='ltr'>ad</span> <span class='ocrx_word' id='word_1_328' title='bbox 597 3449 685 3512; x_wconf 82' lang='lat' dir='ltr'>huc¹⁸</span> <span class='ocrx_word' id='word_1_329' title='bbox 714 3451 857 3532; x_wconf 87' lang='lat' dir='ltr'>templum</span> <span class='ocrx_word' id='word_1_330' title='bbox 886 3470 950 3513; x_wconf 72' lang='lat' dir='ltr'>mm</span> <span class='ocrx_word' id='word_1_331' title='bbox 978 3451 1123 3514; x_wconf 90' lang='lat' dir='ltr'>deivinam</span> <span class='ocrx_word' id='word_1_332' title='bbox 1152 3451 1256 3514; x_wconf 86' lang='lat' dir='ltr'>iecerit</span> <span class='ocrx_word' id='word_1_333' title='bbox 1277 3451 1339 3514; x_wconf 84' lang='lat' dir='ltr'>lovi</span> <span class='ocrx_word' id='word_1_334' title='bbox 1361 3450 1470 3513; x_wconf 72' lang='lat' dir='ltr'>libero</span> <span class='ocrx_word' id='word_1_335' title='bbox 1496 3459 1548 3512; x_wconf 88' lang='lat' dir='ltr'>aut</span> <span class='ocrx_word' id='word_1_336' title='bbox 1568 3449 1647 3513; x_wconf 82' lang='lat' dir='ltr'>ioris</span> 
     </span>
     <span class='ocr_line' id='line_1_31' title="bbox 366 3549 1011 3634; baseline 0.002 -19"><span class='ocrx_word' id='word_1_337' title='bbox 366 3553 465 3634; x_wconf 80' lang='lat' dir='ltr'>genio,</span> <span class='ocrx_word' id='word_1_338' title='bbox 489 3549 687 3634; x_wconf 68' lang='grc'><em>6644646101)</em></span> <span class='ocrx_word' id='word_1_339' title='bbox 709 3552 789 3614; x_wconf 91' lang='lat' dir='ltr'>coria</span> <span class='ocrx_word' id='word_1_340' title='bbox 811 3554 890 3616; x_wconf 82' lang='lat' dir='ltr'>lanei</span> <span class='ocrx_word' id='word_1_341' title='bbox 912 3563 1011 3616; x_wconf 89' lang='lat' dir='ltr'>sunto.</span> 
     </span>
    </p>
   </div>
   <div class='ocr_carea' id='block_1_9' title="bbox 366 3667 1656 4758">
    <p class='ocr_par' dir='ltr' id='par_1_9' title="bbox 366 3667 1656 4758">
     <span class='ocr_line' id='line_1_32' title="bbox 452 3667 1650 3738; baseline -0.001 -17"><span class='ocrx_word' id='word_1_342' title='bbox 452 3671 538 3736; x_wconf 61' lang='lat' dir='ltr'>hope</span> <span class='ocrx_word' id='word_1_343' title='bbox 560 3668 588 3722; x_wconf 91' lang='lat' dir='ltr'>S.</span> <span class='ocrx_word' id='word_1_344' title='bbox 607 3669 711 3721; x_wconf 79' lang='lat' dir='ltr'>Mariae</span> <span class='ocrx_word' id='word_1_345' title='bbox 729 3670 760 3720; x_wconf 90' lang='lat' dir='ltr'>de</span> <span class='ocrx_word' id='word_1_346' title='bbox 777 3667 905 3732; x_wconf 72' lang='lat' dir='ltr'>Furfano</span> <span class='ocrx_word' id='word_1_347' title='bbox 927 3687 997 3738; x_wconf 79' lang='lat' dir='ltr'>rep.,</span> <span class='ocrx_word' id='word_1_348' title='bbox 1023 3672 1071 3721; x_wconf 87' lang='grc'>644</span> <span class='ocrx_word' id='word_1_349' title='bbox 1091 3667 1149 3731; x_wconf 74' lang='lat' dir='ltr'>fuit</span> <span class='ocrx_word' id='word_1_350' title='bbox 1169 3667 1260 3732; x_wconf 71' lang='lat' dir='ltr'>Furfo</span> <span class='ocrx_word' id='word_1_351' title='bbox 1284 3673 1358 3722; x_wconf 80' lang='lat' dir='ltr'>victer</span> <span class='ocrx_word' id='word_1_352' title='bbox 1375 3669 1552 3732; x_wconf 82' lang='lat' dir='ltr'>Sabinorum,</span> <span class='ocrx_word' id='word_1_353' title='bbox 1575 3684 1650 3720; x_wconf 82' lang='lat' dir='ltr'>nunc</span> 
     </span>
     <span class='ocr_line' id='line_1_33' title="bbox 366 3753 1649 3822; baseline -0.001 -14"><span class='ocrx_word' id='word_1_354' title='bbox 366 3755 483 3821; x_wconf 80' lang='lat' dir='ltr'>Aquilae</span> <span class='ocrx_word' id='word_1_355' title='bbox 507 3756 535 3818; x_wconf 87' lang='lat'>(1</span> <span class='ocrx_word' id='word_1_356' title='bbox 549 3757 608 3809; x_wconf 79' lang='grc'><em>606.</em></span> <span class='ocrx_word' id='word_1_357' title='bbox 632 3753 671 3807; x_wconf 86' lang='grc'>444</span> <span class='ocrx_word' id='word_1_358' title='bbox 685 3755 764 3809; x_wconf 78' lang='lat' dir='ltr'>teta.</span> <span class='ocrx_word' id='word_1_359' title='bbox 788 3754 891 3807; x_wconf 75' lang='lat' dir='ltr'>iiitscll</span> <span class='ocrx_word' id='word_1_360' title='bbox 912 3758 965 3808; x_wconf 86' lang='grc'><em>464.</em></span> <span class='ocrx_word' id='word_1_361' title='bbox 982 3754 1127 3822; x_wconf 77' lang='lat' dir='ltr'><em>LXXXII).</em></span> <span class='ocrx_word' id='word_1_362' title='bbox 1163 3755 1230 3822; x_wconf 72' lang='lat' dir='ltr'>rigat</span> <span class='ocrx_word' id='word_1_363' title='bbox 1247 3755 1280 3808; x_wconf 86' lang='lat' dir='ltr'>de</span> <span class='ocrx_word' id='word_1_364' title='bbox 1297 3757 1348 3808; x_wconf 80' lang='lat' dir='ltr'>icoc</span> <span class='ocrx_word' id='word_1_365' title='bbox 1365 3756 1446 3807; x_wconf 85' lang='grc'><em>444646</em></span> <span class='ocrx_word' id='word_1_366' title='bbox 1463 3753 1565 3807; x_wconf 77' lang='lat' dir='ltr'>Iardaa</span> <span class='ocrx_word' id='word_1_367' title='bbox 1584 3753 1649 3807; x_wconf 74' lang='grc'><em>4644.</em></span> 
     </span>
     <span class='ocr_line' id='line_1_34' title="bbox 369 3836 1651 3907; baseline 0 -17"><span class='ocrx_word' id='word_1_368' title='bbox 369 3839 499 3904; x_wconf 69' lang='lat' dir='ltr'>Beitrd&#39;ge</span> <span class='ocrx_word' id='word_1_369' title='bbox 515 3855 567 3890; x_wconf 73' lang='lat' dir='ltr'>zur</span> <span class='ocrx_word' id='word_1_370' title='bbox 579 3839 733 3892; x_wconf 79' lang='lat' dir='ltr'>Geeclliclte</span> <span class='ocrx_word' id='word_1_371' title='bbox 751 3839 800 3891; x_wconf 86' lang='lat' dir='ltr'>der</span> <span class='ocrx_word' id='word_1_372' title='bbox 818 3840 864 3893; x_wconf 87' lang='grc'><em>464.</em></span> <span class='ocrx_word' id='word_1_373' title='bbox 876 3839 996 3907; x_wconf 81' lang='lat' dir='ltr'>Spraclce</span> <span class='ocrx_word' id='word_1_374' title='bbox 1010 3855 1037 3906; x_wconf 75' lang='lat' dir='ltr'>p.</span> <span class='ocrx_word' id='word_1_375' title='bbox 1049 3840 1099 3892; x_wconf 80' lang='grc'>264</span> <span class='ocrx_word' id='word_1_376' title='bbox 1108 3856 1162 3906; x_wconf 84' lang='lat' dir='ltr'>eeq.</span> <span class='ocrx_word' id='word_1_377' title='bbox 1173 3867 1208 3879; x_wconf 90' lang='lat'><em>-</em></span> <span class='ocrx_word' id='word_1_378' title='bbox 1226 3842 1250 3906; x_wconf 90' lang='grc'>4)</span> <span class='ocrx_word' id='word_1_379' title='bbox 1268 3840 1308 3891; x_wconf 84' lang='grc'>446</span> <span class='ocrx_word' id='word_1_380' title='bbox 1325 3841 1388 3893; x_wconf 87' lang='grc'><em>4666</em></span> <span class='ocrx_word' id='word_1_381' title='bbox 1400 3840 1498 3893; x_wconf 72' lang='lat' dir='ltr'>didere</span> <span class='ocrx_word' id='word_1_382' title='bbox 1516 3836 1552 3900; x_wconf 74' lang='lat' dir='ltr'>os.</span> <span class='ocrx_word' id='word_1_383' title='bbox 1563 3854 1651 3906; x_wconf 68' lang='grc'><em>66666</em></span> 
     </span>
     <span class='ocr_line' id='line_1_35' title="bbox 368 3923 1652 3992; baseline 0 -16"><span class='ocrx_word' id='word_1_384' title='bbox 368 3923 403 3976; x_wconf 87' lang='grc' dir='ltr'>Ν.</span> <span class='ocrx_word' id='word_1_385' title='bbox 413 3925 490 3978; x_wconf 76' lang='grc'><em>4466.</em></span> <span class='ocrx_word' id='word_1_386' title='bbox 502 3953 534 3963; x_wconf 93' lang='grc'>-</span> <span class='ocrx_word' id='word_1_387' title='bbox 552 3925 579 3989; x_wconf 79' lang='grc'>2)</span> <span class='ocrx_word' id='word_1_388' title='bbox 596 3925 816 3978; x_wconf 64' lang='grc'><em>,4166646-</em></span> <span class='ocrx_word' id='word_1_389' title='bbox 834 3927 860 3990; x_wconf 82' lang='grc'>6)</span> <span class='ocrx_word' id='word_1_390' title='bbox 877 3924 967 3977; x_wconf 77' lang='lat' dir='ltr'>diem</span> <span class='ocrx_word' id='word_1_391' title='bbox 977 3924 1087 3978; x_wconf 79' lang='lat' dir='ltr'>Florali</span> <span class='ocrx_word' id='word_1_392' title='bbox 1099 3923 1209 3992; x_wconf 75' lang='grc'><em>(6666646</em></span> <span class='ocrx_word' id='word_1_393' title='bbox 1220 3941 1256 3976; x_wconf 75' lang='lat' dir='ltr'>ea</span> <span class='ocrx_word' id='word_1_394' title='bbox 1267 3924 1401 3977; x_wconf 75' lang='grc'><em>3644644466</em></span> <span class='ocrx_word' id='word_1_395' title='bbox 1415 3923 1609 3976; x_wconf 73' lang='lat' dir='ltr'>consuetudine</span> <span class='ocrx_word' id='word_1_396' title='bbox 1620 3929 1652 3976; x_wconf 79' lang='grc'>46</span> 
     </span>
     <span class='ocr_line' id='line_1_36' title="bbox 367 4009 1652 4079; baseline 0 -19"><span class='ocrx_word' id='word_1_397' title='bbox 367 4010 454 4060; x_wconf 74' lang='lat' dir='ltr'>sacris</span> <span class='ocrx_word' id='word_1_398' title='bbox 470 4013 610 4074; x_wconf 76' lang='lat' dir='ltr'>relectus).</span> <span class='ocrx_word' id='word_1_399' title='bbox 621 4037 656 4048; x_wconf 94' lang='lat'>-</span> <span class='ocrx_word' id='word_1_400' title='bbox 672 4012 699 4074; x_wconf 81' lang='lat'>4)</span> <span class='ocrx_word' id='word_1_401' title='bbox 717 4009 763 4063; x_wconf 87' lang='lat' dir='ltr'>Se&#39;e</span> <span class='ocrx_word' id='word_1_402' title='bbox 776 4009 835 4077; x_wconf 80' lang='lat' dir='ltr'>(red</span> <span class='ocrx_word' id='word_1_403' title='bbox 846 4025 906 4061; x_wconf 80' lang='lat' dir='ltr'>cure</span> <span class='ocrx_word' id='word_1_404' title='bbox 916 4014 1017 4076; x_wconf 79' lang='lat' dir='ltr'>puncto</span> <span class='ocrx_word' id='word_1_405' title='bbox 1029 4013 1102 4062; x_wconf 81' lang='lat' dir='ltr'>inter</span> <span class='ocrx_word' id='word_1_406' title='bbox 1113 4009 1213 4064; x_wconf 84' lang='lat' dir='ltr'>comula</span> <span class='ocrx_word' id='word_1_407' title='bbox 1225 4014 1252 4061; x_wconf 89' lang='lat' dir='ltr'>et</span> <span class='ocrx_word' id='word_1_408' title='bbox 1263 4011 1325 4079; x_wconf 85' lang='lat' dir='ltr'>teis)</span> <span class='ocrx_word' id='word_1_409' title='bbox 1344 4011 1414 4077; x_wconf 72' lang='lat' dir='ltr'>lapis</span> <span class='ocrx_word' id='word_1_410' title='bbox 1420 4029 1432 4074; x_wconf 89' lang='grc'>,·</span> <span class='ocrx_word' id='word_1_411' title='bbox 1448 4024 1504 4061; x_wconf 78' lang='lat' dir='ltr'>non</span> <span class='ocrx_word' id='word_1_412' title='bbox 1515 4009 1652 4075; x_wconf 64' lang='lat' dir='ltr'>mollegi-</span> 
     </span>
     <span class='ocr_line' id='line_1_37' title="bbox 368 4092 1652 4162; baseline 0.004 -19"><span class='ocrx_word' id='word_1_413' title='bbox 368 4097 423 4148; x_wconf 82' lang='lat' dir='ltr'>tur.</span> <span class='ocrx_word' id='word_1_414' title='bbox 446 4121 481 4132; x_wconf 91' lang='lat'>-</span> <span class='ocrx_word' id='word_1_415' title='bbox 509 4095 534 4158; x_wconf 90' lang='grc'>6)</span> <span class='ocrx_word' id='word_1_416' title='bbox 555 4092 716 4160; x_wconf 75' lang='lat' dir='ltr'>Requiritur</span> <span class='ocrx_word' id='word_1_417' title='bbox 732 4100 765 4146; x_wconf 89' lang='lat' dir='ltr'>ut</span> <span class='ocrx_word' id='word_1_418' title='bbox 779 4095 888 4147; x_wconf 81' lang='lat' dir='ltr'>uidetur</span> <span class='ocrx_word' id='word_1_419' title='bbox 909 4096 962 4148; x_wconf 81' lang='lat' dir='ltr'>atei</span> <span class='ocrx_word' id='word_1_420' title='bbox 980 4100 1092 4148; x_wconf 82' lang='lat' dir='ltr'>extrema</span> <span class='ocrx_word' id='word_1_421' title='bbox 1111 4094 1275 4149; x_wconf 80' lang='lat' dir='ltr'>fundamenta</span> <span class='ocrx_word' id='word_1_422' title='bbox 1293 4099 1355 4148; x_wconf 88' lang='lat' dir='ltr'>snnt</span> <span class='ocrx_word' id='word_1_423' title='bbox 1378 4092 1429 4162; x_wconf 75' lang='grc'><em>(64.</em></span> <span class='ocrx_word' id='word_1_424' title='bbox 1445 4110 1529 4161; x_wconf 74' lang='lat' dir='ltr'>eum</span> <span class='ocrx_word' id='word_1_425' title='bbox 1547 4093 1583 4147; x_wconf 84' lang='grc' dir='ltr'><em>Ν.</em></span> <span class='ocrx_word' id='word_1_426' title='bbox 1601 4095 1652 4148; x_wconf 89' lang='grc'>442</span> 
     </span>
     <span class='ocr_line' id='line_1_38' title="bbox 368 4177 1653 4250; baseline 0.003 -20"><span class='ocrx_word' id='word_1_427' title='bbox 368 4181 451 4230; x_wconf 83' lang='lat' dir='ltr'>imcr.</span> <span class='ocrx_word' id='word_1_428' title='bbox 462 4177 572 4230; x_wconf 78' lang='lat' dir='ltr'>latoria:</span> <span class='ocrx_word' id='word_1_429' title='bbox 590 4179 627 4232; x_wconf 87' lang='lat' dir='ltr'>uti</span> <span class='ocrx_word' id='word_1_430' title='bbox 640 4178 755 4233; x_wconf 82' lang='lat' dir='ltr'>intimum</span> <span class='ocrx_word' id='word_1_431' title='bbox 774 4179 858 4233; x_wconf 84' lang='lat' dir='ltr'>solum</span> <span class='ocrx_word' id='word_1_432' title='bbox 877 4181 1004 4250; x_wconf 81' lang='lat' dir='ltr'>huiusque</span> <span class='ocrx_word' id='word_1_433' title='bbox 1022 4195 1081 4233; x_wconf 85' lang='lat' dir='ltr'>arae</span> <span class='ocrx_word' id='word_1_434' title='bbox 1099 4179 1283 4249; x_wconf 85' lang='lat' dir='ltr'>titulorumqne</span> <span class='ocrx_word' id='word_1_435' title='bbox 1295 4181 1354 4248; x_wconf 82' lang='grc'><em>664),</em></span> <span class='ocrx_word' id='word_1_436' title='bbox 1381 4181 1408 4247; x_wconf 92' lang='grc'>6)</span> <span class='ocrx_word' id='word_1_437' title='bbox 1427 4183 1538 4232; x_wconf 84' lang='lat' dir='ltr'>structae</span> <span class='ocrx_word' id='word_1_438' title='bbox 1550 4183 1653 4234; x_wconf 78' lang='lat' dir='ltr'>aunen-</span> 
     </span>
     <span class='ocr_line' id='line_1_39' title="bbox 368 4261 1655 4333; baseline 0.002 -19"><span class='ocrx_word' id='word_1_439' title='bbox 368 4261 463 4327; x_wconf 71' lang='lat' dir='ltr'>daeo).</span> <span class='ocrx_word' id='word_1_440' title='bbox 477 4291 512 4301; x_wconf 99' lang='lat'><em>-</em></span> <span class='ocrx_word' id='word_1_441' title='bbox 529 4266 556 4328; x_wconf 85' lang='grc'>4)</span> <span class='ocrx_word' id='word_1_442' title='bbox 574 4264 666 4316; x_wconf 83' lang='lat' dir='ltr'>humus</span> <span class='ocrx_word' id='word_1_443' title='bbox 684 4265 762 4331; x_wconf 73' lang='grc'><em>46646.</em></span> <span class='ocrx_word' id='word_1_444' title='bbox 779 4291 814 4305; x_wconf 94' lang='grc'><strong>-</strong></span> <span class='ocrx_word' id='word_1_445' title='bbox 832 4266 860 4333; x_wconf 85' lang='lat'>8)</span> <span class='ocrx_word' id='word_1_446' title='bbox 880 4265 1046 4317; x_wconf 76' lang='lat' dir='ltr'>Vocabulum</span> <span class='ocrx_word' id='word_1_447' title='bbox 1063 4267 1121 4316; x_wconf 80' lang='lat' dir='ltr'>eine</span> <span class='ocrx_word' id='word_1_448' title='bbox 1138 4265 1219 4317; x_wconf 84' lang='lat' dir='ltr'>dubio</span> <span class='ocrx_word' id='word_1_449' title='bbox 1237 4271 1404 4332; x_wconf 71' lang='grc'><em>6666666166.</em></span> <span class='ocrx_word' id='word_1_450' title='bbox 1422 4293 1455 4304; x_wconf 95' lang='grc'>-</span> <span class='ocrx_word' id='word_1_451' title='bbox 1473 4267 1500 4330; x_wconf 81' lang='grc'>6)</span> <span class='ocrx_word' id='word_1_452' title='bbox 1515 4265 1605 4318; x_wconf 81' lang='lat' dir='ltr'>Ferro</span> <span class='ocrx_word' id='word_1_453' title='bbox 1622 4269 1655 4318; x_wconf 80' lang='lat' dir='ltr'>ire</span> 
     </span>
     <span class='ocr_line' id='line_1_40' title="bbox 368 4348 1655 4430; baseline 0.004 -31"><span class='ocrx_word' id='word_1_454' title='bbox 368 4364 400 4399; x_wconf 89' lang='lat' dir='ltr'>re</span> <span class='ocrx_word' id='word_1_455' title='bbox 415 4364 496 4401; x_wconf 76' lang='lat' dir='ltr'>caera</span> <span class='ocrx_word' id='word_1_456' title='bbox 513 4351 555 4400; x_wconf 87' lang='lat' dir='ltr'>uti</span> <span class='ocrx_word' id='word_1_457' title='bbox 571 4364 627 4401; x_wconf 78' lang='lat' dir='ltr'>nore</span> <span class='ocrx_word' id='word_1_458' title='bbox 644 4349 750 4400; x_wconf 76' lang='lat' dir='ltr'>licuisse</span> <span class='ocrx_word' id='word_1_459' title='bbox 767 4354 860 4430; x_wconf 72' lang='grc'><em>664666</em></span> <span class='ocrx_word' id='word_1_460' title='bbox 878 4354 924 4403; x_wconf 77' lang='lat' dir='ltr'>cat.</span> <span class='ocrx_word' id='word_1_461' title='bbox 948 4379 982 4389; x_wconf 89' lang='lat'>-</span> <span class='ocrx_word' id='word_1_462' title='bbox 1007 4353 1049 4416; x_wconf 91' lang='grc'>10)</span> <span class='ocrx_word' id='word_1_463' title='bbox 1066 4350 1239 4403; x_wconf 74' lang='lat' dir='ltr'>inserendum</span> <span class='ocrx_word' id='word_1_464' title='bbox 1256 4349 1364 4403; x_wconf 75' lang='grc'><em>64146466</em></span> <span class='ocrx_word' id='word_1_465' title='bbox 1381 4351 1468 4404; x_wconf 85' lang='lat' dir='ltr'>liceat.</span> <span class='ocrx_word' id='word_1_466' title='bbox 1485 4378 1521 4390; x_wconf 97' lang='lat'>—</span> <span class='ocrx_word' id='word_1_467' title='bbox 1547 4351 1591 4417; x_wconf 92' lang='grc'>44)</span> <span class='ocrx_word' id='word_1_468' title='bbox 1609 4348 1655 4412; x_wconf 77' lang='lat' dir='ltr'>Os.</span> 
     </span>
     <span class='ocr_line' id='line_1_41' title="bbox 369 4431 1655 4503; baseline 0.003 -21"><span class='ocrx_word' id='word_1_469' title='bbox 369 4431 447 4496; x_wconf 71' lang='lat' dir='ltr'>infra</span> <span class='ocrx_word' id='word_1_470' title='bbox 464 4433 582 4491; x_wconf 67' lang='lat' dir='ltr'>litato.</span> <span class='ocrx_word' id='word_1_471' title='bbox 599 4462 634 4475; x_wconf 93' lang='lat'><em>-</em></span> <span class='ocrx_word' id='word_1_472' title='bbox 658 4437 699 4502; x_wconf 82' lang='lat'>12)</span> <span class='ocrx_word' id='word_1_473' title='bbox 718 4437 834 4489; x_wconf 80' lang='lat' dir='ltr'>sentiunt</span> <span class='ocrx_word' id='word_1_474' title='bbox 851 4435 930 4503; x_wconf 70' lang='lat' dir='ltr'>unu.</span> <span class='ocrx_word' id='word_1_475' title='bbox 947 4465 982 4476; x_wconf 95' lang='lat'>-</span> <span class='ocrx_word' id='word_1_476' title='bbox 1001 4438 1042 4500; x_wconf 82' lang='grc'>46)</span> <span class='ocrx_word' id='word_1_477' title='bbox 1060 4435 1184 4488; x_wconf 77' lang='lat' dir='ltr'>Scilicet:</span> <span class='ocrx_word' id='word_1_478' title='bbox 1201 4434 1313 4488; x_wconf 84' lang='lat' dir='ltr'>rendere</span> <span class='ocrx_word' id='word_1_479' title='bbox 1332 4435 1416 4488; x_wconf 82' lang='lat' dir='ltr'>locare</span> <span class='ocrx_word' id='word_1_480' title='bbox 1434 4435 1521 4501; x_wconf 86' lang='lat' dir='ltr'>(quod</span> <span class='ocrx_word' id='word_1_481' title='bbox 1535 4433 1655 4497; x_wconf 73' lang='lat' dir='ltr'>sortasse</span> 
     </span>
     <span class='ocr_line' id='line_1_42' title="bbox 369 4518 1655 4588; baseline -0.003 -12"><span class='ocrx_word' id='word_1_482' title='bbox 369 4523 473 4576; x_wconf 78' lang='grc'><em>6664444</em></span> <span class='ocrx_word' id='word_1_483' title='bbox 488 4523 519 4571; x_wconf 84' lang='grc'>46</span> <span class='ocrx_word' id='word_1_484' title='bbox 537 4519 648 4588; x_wconf 82' lang='lat' dir='ltr'>lapide).</span> <span class='ocrx_word' id='word_1_485' title='bbox 667 4549 699 4559; x_wconf 89' lang='lat'>—</span> <span class='ocrx_word' id='word_1_486' title='bbox 724 4525 765 4587; x_wconf 82' lang='grc'>14)</span> <span class='ocrx_word' id='word_1_487' title='bbox 783 4521 854 4575; x_wconf 87' lang='grc'><em>44646</em></span> <span class='ocrx_word' id='word_1_488' title='bbox 871 4522 993 4575; x_wconf 74' lang='grc'><em>66646.-</em></span> <span class='ocrx_word' id='word_1_489' title='bbox 1012 4523 1054 4586; x_wconf 83' lang='grc'>46)</span> <span class='ocrx_word' id='word_1_490' title='bbox 1072 4521 1187 4574; x_wconf 85' lang='lat' dir='ltr'>Videtur</span> <span class='ocrx_word' id='word_1_491' title='bbox 1197 4521 1304 4586; x_wconf 80' lang='lat' dir='ltr'>requiri</span> <span class='ocrx_word' id='word_1_492' title='bbox 1320 4518 1655 4588; x_wconf 80' lang='grc'><em>66664616(0.4646).-</em></span> 
     </span>
     <span class='ocr_line' id='line_1_43' title="bbox 372 4603 1656 4674; baseline -0.002 -13"><span class='ocrx_word' id='word_1_493' title='bbox 372 4610 413 4672; x_wconf 91' lang='grc'>46)</span> <span class='ocrx_word' id='word_1_494' title='bbox 431 4607 528 4660; x_wconf 78' lang='lat' dir='ltr'>Maior.</span> <span class='ocrx_word' id='word_1_495' title='bbox 546 4635 576 4644; x_wconf 88' lang='lat'>—-</span> <span class='ocrx_word' id='word_1_496' title='bbox 599 4609 640 4671; x_wconf 84' lang='lat' dir='ltr'>tr)</span> <span class='ocrx_word' id='word_1_497' title='bbox 660 4607 827 4660; x_wconf 80' lang='lat' dir='ltr'>Vocabulum</span> <span class='ocrx_word' id='word_1_498' title='bbox 844 4613 1002 4674; x_wconf 73' lang='lat' dir='ltr'>comptum</span> <span class='ocrx_word' id='word_1_499' title='bbox 1020 4606 1197 4674; x_wconf 75' lang='lat' dir='ltr'>(principium</span> <span class='ocrx_word' id='word_1_500' title='bbox 1213 4603 1331 4668; x_wconf 70' lang='lat' dir='ltr'>farturae</span> <span class='ocrx_word' id='word_1_501' title='bbox 1347 4621 1429 4656; x_wconf 83' lang='lat' dir='ltr'>manu</span> <span class='ocrx_word' id='word_1_502' title='bbox 1446 4609 1550 4658; x_wconf 84' lang='lat' dir='ltr'>recenti</span> <span class='ocrx_word' id='word_1_503' title='bbox 1566 4609 1597 4657; x_wconf 80' lang='lat' dir='ltr'>ire</span> <span class='ocrx_word' id='word_1_504' title='bbox 1615 4607 1656 4658; x_wconf 84' lang='lat' dir='ltr'>la-</span> 
     </span>
     <span class='ocr_line' id='line_1_44' title="bbox 368 4691 863 4758; baseline 0.008 -16"><span class='ocrx_word' id='word_1_505' title='bbox 368 4692 432 4758; x_wconf 77' lang='lat' dir='ltr'>pide</span> <span class='ocrx_word' id='word_1_506' title='bbox 448 4691 601 4758; x_wconf 74' lang='grc'><em>6664646641).</em></span> <span class='ocrx_word' id='word_1_507' title='bbox 617 4721 653 4732; x_wconf 95' lang='grc'>-</span> <span class='ocrx_word' id='word_1_508' title='bbox 671 4693 713 4756; x_wconf 86' lang='grc'>48)</span> <span class='ocrx_word' id='word_1_509' title='bbox 730 4691 788 4744; x_wconf 83' lang='lat' dir='ltr'>Ser.</span> <span class='ocrx_word' id='word_1_510' title='bbox 807 4693 863 4746; x_wconf 86' lang='lat' dir='ltr'>hoc.</span> 
     </span>
    </p>
   </div>
   <div class='ocr_carea' id='block_1_10' title="bbox 0 0 1808 5368">
    <p class='ocr_par' dir='ltr' id='par_1_10' title="bbox 0 0 1808 5368">
     <span class='ocr_line' id='line_1_45' title="bbox 0 0 1808 5368; baseline 0 0"><span class='ocrx_word' id='word_1_511' title='bbox 0 0 1808 5368; x_wconf 95' lang='lat' dir='ltr'> </span> 
     </span>
    </p>
   </div>
  </div>
 </body>
</html>
