3546 5378
455 377 541 436 urolt
557 379 745 450 municipeles.
760 411 790 420 -
810 379 869 436 Lex
879 383 1021 454 municipii
1032 383 1202 445 Mnieeiteni.
1409 394 1471 453 521

234 553 272 614 R.
311 552 405 631 Quid
428 553 472 616 tle
493 553 552 616 bis
575 553 667 615 iieri
689 564 884 634 oporteat,
906 557 970 635 qui
990 554 995 638 Ι
1013 560 1293 642 suffragiorum
1315 583 1472 629 numero

312 673 424 737 pares
446 652 585 731 erunt!

278 757 350 820 LVI.
387 757 482 838 isqui
497 776 531 820 ee
546 758 665 820 comitia
681 757 810 832 babebit,
826 759 868 820 uti
884 761 1010 840 quisque
1025 763 1125 826 euriae
1144 761 1149 848 Ι
1169 766 1265 830 ouiius
1279 767 1366 850 pluro
1381 788 1469 851 quem

191 861 240 924 elii
262 861 401 941 suffragio
429 855 589 942 hebuelrit‚
622 861 662 922 ite
688 861 819 942 priorem
849 863 955 926 ceteris
982 882 1050 927 eum
1080 885 1135 949 pro
1158 886 1192 930 ee
1214 870 1295 932 ouria
1325 867 1332 957 Ι
1360 873 1472 938 iactum

192 974 383 1042 creatumque
398 981 462 1025 esse
484 956 716 1050 renuntiet[o]¹'‚
735 959 741 1044 Ι
761 963 859 1025 donee
880 964 905 1027 is
928 983 1081 1042 numerus,
1104 969 1139 1031 ed
1154 987 1242 1050 quem
1259 973 1353 1036 creari
1372 970 1472 1058 opor!-

191 1065 280 1140 tebit,
312 1063 447 1146 expletus
471 1063 518 1126 sit.
564 1063 688 1137 Quem¹⁷
720 1065 751 1126 in
782 1065 864 1126 curie
893 1066 1015 1134 totidem
1045 1066 1050 1152 Ι
1079 1071 1217 1151 suffragio
1246 1074 1305 1138 duo
1334 1077 1471 1158 pluresve

190 1165 359 1241 habuerint,
382 1163 538 1247 melritnm
562 1167 648 1246 quire
670 1165 845 1229 meritorum
869 1187 994 1231 numero
1017 1171 1083 1246 erit,
1113 1168 1119 1257 Ι
1150 1173 1255 1237 oeelibi
1276 1177 1387 1242 liberos
1408 1201 1470 1245 nou

191 1269 312 1332 babenti
336 1269 386 1349 qui
402 1263 582 1353 meriltorum
607 1286 733 1330 numero
758 1287 819 1331 noo
835 1269 907 1345 erit;
930 1271 1089 1336 habentem
1112 1273 1231 1358 libeiros
1253 1298 1316 1341 non
1333 1281 1470 1360 babenti3

189 1373 291 1454 plures
315 1371 427 1434 liberos
453 1367 620 1454 babenitem
648 1365 827 1456 psu[e]iores
855 1371 978 1436 babenti
999 1377 1147 1456 praeferto
1169 1379 1368 1463 prioremlque
1390 1404 1470 1448 nun·

190 1476 261 1537 tinto
284 1475 333 1548 ite,
356 1482 390 1536 ut
404 1472 467 1534 bini
490 1471 576 1535 liberi
599 1480 666 1554 post
681 1467 801 1556 nolmeu
826 1474 990 1556 inpositum
1012 1489 1065 1539 eut
1081 1479 1190 1560 singuli
1212 1480 1341 1561 puberes
1362 1483 1470 1570 emisisi

189 1571 332 1664 r[r‘]rire¹⁸
354 1585 494 1658 potentes
515 1574 639 1636 emissae
660 1593 717 1656 pro
740 1575 866 1656 singulis
891 1573 896 1660 Ι
923 1580 1086 1659 sospitibus
1108 1591 1313 1647 numerentur.
1357 1586 1388 1648 Si
1410 1589 1469 1650 duo

188 1680 325 1763 pluresve
347 1675 478 1764 toltidem
501 1677 640 1756 suffragio
662 1676 817 1740 habebunt
838 1689 869 1741 et
890 1679 1031 1744 eiiusdem
1052 1681 1057 1766 Ι
1077 1684 1263 1749 condicionis
1285 1698 1385 1763 erunt,
1413 1709 1470 1752 no-

189 1782 388 1845 minaeorum
411 1781 442 1842 iu
464 1777 469 1864 Ι
487 1788 598 1842 sortem
614 1778 731 1854 eoieito,
754 1789 784 1841 et
799 1781 842 1842 uti
859 1781 1017 1863 quiiusque
1028 1790 1092 1860 (rto)
1116 1805 1226 1850 nomen
1249 1782 1331 1866 soriti
1346 1790 1469 1854 ductum

188 1885 254 1959 erit,
275 1885 315 1947 ite
338 1902 406 1946 eum
428 1883 560 1965 priorem
582 1881 635 1944 elis
657 1879 868 1966 renuntiiotffl.

230 2004 268 2066 R.
305 2004 354 2067 ue
375 2002 589 2066 sortitione
618 2002 811 2063 curiorum
843 2011 880 2064 et
908 2003 953 2078 is,
987 2005 1049 2085 qui
1074 2003 1282 2090 nulrierum
1313 2030 1468 2075 numero

301 2102 451 2185 portes¹⁹
473 2111 586 2167 eruut
606 2097 612 2184 Ι
1370 2179 1375 2190 ¹

275 2206 363 2271 Lvlr.
392 2205 449 2278 Qui
466 2205 584 2268 comitia
607 2204 636 2266 h.
652 2204 672 2266 l.
695 2203 823 2279 babebit,
846 2205 872 2267 is
894 2205 993 2269 relatis
1016 2197 1151 2270 omnium
1169 2207 1175 2292 Ι
1195 2211 1345 2275 curiorum
1362 2214 1469 2277 tabulis

187 2311 309 2375 nomine
337 2310 487 2372 curiarum
517 2308 548 2370 in
577 2310 697 2394 soritem
727 2307 843 2382 eoieito,
877 2308 1121 2390 singularumque
1154 2313 1303 2377 curiorum
1339 2313 1468 2402 nolmine

186 2423 268 2478 sorte
296 2412 411 2487 ducito,
445 2421 475 2473 et
497 2420 530 2472 ut
552 2410 707 2491 ouiiusque
736 2410 836 2473 euriae
865 2409 870 2493 Ι
903 2429 1012 2474 nomen
1041 2423 1122 2475 sorte
1148 2416 1266 2490 exierit,
1300 2417 1406 2497 quos¹⁰
1433 2438 1467 2482 eu

186 2519 271 2579 curia
292 2515 405 2595 feeerit,
426 2511 431 2598 Ι
450 2513 639 2595 pronuntiari
661 2510 779 2587 iubeto;
802 2512 890 2574 etuti
912 2513 1039 2593 quisque
1061 2514 1145 2594 prior
1163 2514 1168 2599 Ι
1189 2518 1331 2581 maiorem
1353 2531 1468 2602 portem

188 2619 305 2682 numeri
328 2618 478 2680 sumerum
501 2610 681 2698 ooniseoerit,
704 2633 783 2690 eum,
806 2633 874 2676 oum
897 2614 927 2679 b.
949 2614 968 2677 i.
992 2616 1131 2678 iuraverit
1152 2616 1333 2704 uererithue
1355 2622 1392 2685 de
1414 2643 1467 2706 pe-

186 2722 274 2785 cunie
297 2719 463 2794 sommum,
493 2720 602 2780 foetum
631 2715 834 2798 oreoitumqne
861 2717 1047 2792 renuntiato,
1077 2718 1172 2783 donee
1200 2729 1245 2784 tot
1271 2724 1469 2810 magistreltus

183 2825 244 2887 sint
267 2821 347 2904 quod
369 2823 399 2885 h.
421 2821 441 2884 l.
464 2822 557 2883 creari
580 2818 739 2902 oportebit
785 2820 816 2882 Si
838 2815 969 2903 totildem
1000 2821 1098 2885 curies
1126 2822 1186 2886 duo
1216 2823 1350 2906 pluresve
1376 2827 1467 2890 bebe-

184 2927 270 3000 bunt‚
290 2922 295 3006 Ι
315 2925 358 2986 uti
373 2941 464 3004 supra
486 2921 728 3002 conprehensum
744 2931 789 2984 est
812 2923 848 2984 de
871 2922 896 2984 is
911 2923 961 3002 qui
981 2921 985 3005 Ι
1006 2925 1216 3006 suffragiorum
1239 2946 1365 2990 numero
1381 2948 1468 3010 pares

183 3037 299 3102 meent,
327 3028 367 3090 ite
386 3025 391 3109 Ι
411 3026 447 3087 de
471 3025 496 3087 is
518 3025 569 3103 qui
591 3024 713 3087 totidem
736 3025 833 3088 curies
854 3022 1010 3086 habebunt
1031 3022 1138 3110 reinito,
1167 3028 1329 3110 eademque
1351 3033 1467 3094 ratione

183 3131 315 3211 priorem
338 3124 497 3211 quemique
519 3137 650 3189 ereetum
673 3145 738 3190 esse
760 3127 940 3189 renuntiato.
962 3124 968 3208 Ι

226 3249 263 3310 R.
299 3248 350 3312 Ne
373 3247 462 3328 quid
485 3247 570 3321 fiet,
594 3265 664 3326 quo
687 3247 808 3308 minus
830 3245 983 3308 uomitie
1005 3243 1267 3331 helbertum!

268 3350 370 3414 Lvlli.
413 3350 457 3412 Ne
479 3350 546 3430 quis
567 3349 743 3411 intercedite
767 3367 840 3410 nere
863 3348 928 3429 quit
950 3348 1021 3410 eiiut
1042 3346 1148 3430 sabito,
1172 3369 1231 3431 quo
1253 3353 1353 3414 minus
1375 3352 1405 3414 in
1430 3372 1466 3416 eo

184 3454 335 3535 muncipio
355 3458 420 3526 (eto)
443 3453 472 3514 b.
492 3452 511 3514 l.
531 3448 537 3537 Ι
557 3451 674 3514 comitio
696 3450 864 3513 habeantur
885 3452 1088 3532 perficientur.
1108 3450 1113 3535 Ι
1140 3453 1198 3525 Qui
1221 3453 1307 3517 aliter
1327 3454 1467 3518 adversus

183 3575 218 3619 ee
240 3557 346 3618 feeerit
364 3556 465 3618 'sciens
488 3550 501 3638 Ι
527 3553 555 3616 d.
578 3553 651 3629 m.¹¹,
683 3553 761 3616 isin
785 3571 833 3615 res
855 3553 987 3634 singulus
1009 3539 1102 3618 HS}
1128 3549 1338 3640 mulnioipibus
1366 3559 1466 3621 muni·

185 3660 261 3740 oepii
280 3664 344 3732 (ste)
371 3657 449 3720 Flevi
472 3655 638 3719 Meieoiteni
667 3651 673 3739 Ι
705 3656 733 3718 d.
757 3654 785 3716 d.
809 3651 870 3731 e.¹¹‚
905 3656 1038 3737 eiiusque
1066 3659 1213 3739 pecuniae
1237 3659 1334 3739 deque
1356 3677 1390 3720 eo
1411 3678 1466 3741 pe-

184 3781 254 3824 eun.
274 3760 280 3846 Ι
300 3760 444 3842 municipi
460 3759 523 3822 eius
537 3758 704 3839 municipii,
726 3759 777 3838 qui
791 3759 870 3821 volet
885 3759 992 3839 cuique
1012 3755 1017 3842 Ι
1036 3777 1092 3841 per
1106 3760 1135 3822 b.
1150 3761 1169 3822 1.
1185 3760 1294 3832 licebit,
1313 3761 1390 3824 ectio
1412 3782 1466 3844 pe-

184 3863 249 3926 titio
272 3865 439 3945 persecutio
463 3873 535 3924 esto.
556 3862 561 3946 Ι

226 3983 263 4046 R.
300 3983 350 4046 De
373 3983 454 4045 iure
476 3981 640 4043 iurando
664 3997 807 4053 eorum,
831 3981 891 4060 qui
913 3981 1094 4042 maiorem
1115 3975 1121 4065 Ι
1146 3991 1294 4061 partem
1318 3985 1466 4048 numeri

299 4085 492 4148 curiorum
515 4083 766 4164 expleverit!

269 4187 342 4252 nix.
387 4188 445 4260 Qui
467 4207 501 4250 ee
524 4186 640 4249 comitia
662 4184 797 4260 hebebit,
832 4185 874 4248 uti
897 4185 1024 4265 quisque
1046 4205 1165 4260 eorum,
1196 4183 1201 4270 Ι
1231 4187 1281 4267 qui
1312 4185 1465 4248 livinum

182 4291 359 4354 aedssitrtem
390 4290 624 4371 quaesturemire
646 4298 741 4369 petet,
770 4289 923 4353 meiiorem
952 4296 1066 4367 portem
1089 4289 1207 4352 numeri
1232 4283 1392 4364 eurielrum
1414 4307 1465 4350 er-

182 4395 318 4475 plererit‚
352 4395 524 4474 priusquam
559 4412 625 4456 eum
659 4394 768 4453 tectum
799 4390 804 4474 Ι
835 4402 1026 4471 creatumque
1061 4393 1226 4467 renuntiet,
1260 4392 1464 4454 iusiurandum

271 4597 314 4662 re)
330 4595 486 4663 resinous.
505 4611 556 4647 ao.
583 4623 616 4632 -
646 4595 686 4658 ru
705 4593 772 4658 oua.
799 4621 832 4632 -
862 4594 903 4657 rs)
921 4593 1005 4646 nosve
1022 4608 1076 4646 aa.
1102 4565 1218 4656 -‘1eu
1241 4590 1414 4646 emmeno.
1430 4621 1465 4634 -

185 4683 226 4747 ib)
251 4680 311 4735 Sor.
327 4694 411 4747 peres.
436 4707 471 4718 -
498 4681 541 4744 20)
563 4677 632 4748 quod
650 4695 702 4743 uer,
728 4678 775 4729 red
792 4681 942 4730 emerium
964 4681 994 4730 iu
1017 4691 1092 4747 qnos.
1120 4707 1151 4716 -
1179 4678 1223 4743 21)
1244 4676 1314 4730 Dolo
1333 4677 1413 4731 nato.
1430 4705 1466 4716 -

183 4768 227 4830 22)
244 4764 318 4816 Dore
335 4764 447 4816 &unes
463 4769 526 4817 esto.
