3580 5408
517 371 603 427 Tituli
621 373 694 428 sacri
711 377 740 429 et
756 374 938 430 sacerdotum.
958 405 989 415 -
1009 375 1150 432 Hercules.
1428 379 1469 436 59

273 541 358 612 3449
387 543 508 607 Herculi
532 545 702 608 Fundanio¹
725 546 729 631 Ι
749 548 794 608 Ti.
812 548 949 610 Claudius
964 548 1090 612 Habitus
1109 546 1113 632 Ι
1134 549 1230 610 libens
1252 561 1352 611 votum
1375 552 1471 613 solvit.

273 643 380 708 Romae,
400 649 493 709 postea
510 647 633 708 Parisiis,
657 649 728 698 basis
745 651 851 699 statuae
871 664 974 713 paruae
991 665 1088 700 aeneae
1108 648 1163 717 (VI
1176 649 1225 702 544
1249 649 1285 710 ci.
1303 665 1369 702 mus.
1387 649 1469 703 llben.

188 729 231 793 20,
248 727 313 780 4865
329 744 356 795 p.
369 729 421 781 623
438 728 523 781 deser.
544 729 681 798 Galtnnd).
709 761 742 770 —
771 735 795 797 1)
816 730 950 798 Templum
970 733 1091 785 Herculis
1108 733 1241 785 Fundani
1257 742 1423 787 memoratur
1439 740 1469 787 in

188 817 243 863 cita
260 813 390 864 Floriani
405 817 468 876 imp.
488 831 510 866 c.
521 817 546 867 4.

192 901 1472 1022 Μ

273 1035 438 1086 iicdimonte
453 1052 537 1102 prope
549 1036 650 1098 Allifas
667 1042 696 1088 in
713 1036 814 1099 finibus
830 1039 937 1091 Samnii
953 1044 980 1090 et
993 1039 1155 1105 Campaniae
1172 1038 1225 1105 (lli
1234 1041 1308 1094 2522
1326 1040 1471 1092 Momnssen

187 1119 257 1170 cidit
273 1123 418 1185 ectypurn).
437 1148 470 1158 —
493 1125 518 1184 1)
536 1120 635 1173 Votum
652 1122 734 1173 soluit
749 1125 855 1174 merito.
1077 1145 1081 1154 ·

189 1341 409 1416 lll...lo.v.

272 1442 373 1494 ilamae
390 1444 445 1505 (Vl
451 1446 505 1498 556
517 1448 558 1496 ter
570 1444 704 1511 descripta
715 1462 783 1499 saec.
796 1445 896 1514 XVll).
913 1475 946 1485 ·-
967 1449 990 1512 i)
1003 1448 1197 1511 Bmellciarius
1214 1447 1351 1510 (truditur
1364 1445 1388 1510 b,
1404 1460 1471 1510 pro·

188 1527 276 1578 babile
293 1533 332 1578 est
350 1527 366 1578 b
385 1534 410 1579 et
427 1529 439 1579 l
454 1527 539 1589 fuisse
557 1532 751 1598 contignatas).

270 1663 358 1735 5452
400 1665 520 1730 Herculi
548 1669 664 1730 Serico
692 1688 808 1732 sacrum
834 1674 840 1746 Ι
865 1671 929 1732 Ser.
953 1669 1102 1750 Sulpicius
1131 1671 1311 1750 'trophimus
1336 1671 1342 1752 Ι
1367 1670 1469 1731 aedem

185 1768 338 1829 aothcoam
361 1769 490 1831 cuinam
510 1769 516 1852 Ι
534 1771 661 1851 pecunia
682 1777 735 1833 sui
757 1772 853 1833 tsolb
872 1772 999 1834 restituit
1018 1772 1023 1852 Ι
1042 1772 1180 1850 idemque
1202 1771 1344 1834 dedieivit
1367 1771 1395 1832 Ιι.
1411 1770 1469 1832 lie·

186 1869 300 1930 cembr.
327 1875 332 1948 Ι
359 1871 1074 1951 taurpisiobenroot.osaeciottutocos.1
1099 1872 1105 1953 Ι
1131 1873 1285 1954 Eutychus
1311 1891 1369 1934 ser.
1400 1890 1468 1951 per-

185 1971 336 2050 agendum
359 1974 482 2034 curavit.
1172 2040 1174 2046 ,

274 2071 374 2122 neure
392 2072 471 2138 (XIV
483 2074 554 2126 5545
570 2090 649 2140 saepe
667 2074 800 2140 descripta
819 2091 836 2126 a
853 2091 920 2129 saec.
933 2074 989 2127 XV
995 2076 1032 2127 ad
1043 2074 1155 2142 XVlll).
1171 2102 1206 2112 -
1227 2077 1248 2141 ΙΙ
1269 2073 1394 2126 Consules
1410 2070 1471 2132 sus·

185 2153 254 2213 secti
270 2157 398 2209 ridentur
414 2157 500 2219 fuisse
517 2161 680 2226 temporibus
692 2159 851 2212 Flauiorum
869 2165 944 2222 (nam
961 2162 1032 2212 alter
1049 2176 1141 2212 eorum
1158 2159 1265 2210 uidetur
1282 2175 1336 2209 esse
1348 2156 1383 2208 Μ.
1396 2157 1467 2208 Mae-

186 2243 245 2291 cius
266 2239 354 2300 llusus
382 2259 459 2308 quem
487 2249 590 2295 nummi
614 2245 800 2310 proconsulem
823 2245 970 2312 Bitbpniae
995 2243 1079 2305 fuisse
1105 2263 1129 2296 a.
1151 2246 1183 2297 79
1207 2243 1371 2311 perhibent),
1400 2244 1472 2292 certe

185 2341 240 2376 non
258 2331 368 2392 postea,
395 2344 454 2380 cum
472 2333 567 2395 postea
591 2330 712 2380 itomines
732 2331 837 2396 priuati
858 2329 989 2391 suffectos
1011 2330 1132 2382 consules
1157 2333 1187 2380 in
1210 2331 1291 2380 annis
1312 2326 1469 2378 indicandis

186 2410 368 2477 neglegerent.

272 2546 359 2618 8458
396 2550 516 2612 Herculi
538 2553 670 2614 Sausano
693 2562 722 2615 et
740 2552 746 2636 Ι
766 2554 837 2633 imp.
861 2551 1031 2632 Vispasiano
1054 2557 1117 2627 (ae)
1137 2551 1142 2634 Ι
1162 2553 1236 2633 Aug.
1259 2561 1289 2613 et
1310 2550 1378 2612 'lito
1400 2550 1473 2629 imp.

187 2661 215 2712 ct
233 2651 239 2734 Ι
260 2652 430 2714 Domitiano
446 2653 561 2716 Caesari
581 2650 587 2735 Ι
606 2654 643 2716 bl.
657 2655 758 2718 Vibius
773 2655 912 2717 Martialis
931 2655 936 2734 Ι
957 2655 1042 2734 ileg.
1057 2653 1083 2714 X
1099 2655 1182 2715 Gens.
1199 2665 1227 2715 et
1243 2649 1471 2735 commilitones

187 2754 283 2816 uexilli
306 2755 362 2833 leg.
387 2755 478 2818 eiusd.
498 2754 504 2838 Ι
523 2757 574 2836 qui
597 2766 669 2818 sunt
690 2756 745 2818 sub
770 2775 842 2818 eura
865 2755 1044 2838 oidelae.
1068 2757 1086 2817 Ι.
1111 2774 1149 2816 m.

272 2869 359 2941 3454
401 2874 421 2934 l.
445 2895 473 2936 o.
498 2895 536 2936 m.
560 2884 590 2936 et
612 2872 740 2958 Herlculi
764 2876 848 2937 Saxa.
869 2872 874 2959 Ι
900 2894 1016 2937 sacrum
1042 2871 1046 2958 Ι
1070 2875 1103 2936 Ρ.
1126 2874 1277 2955 'l'alpidius
1301 2876 1306 2951 Ι
1332 2872 1471 2934 Clemens

187 2976 280 3053 rteg.
297 2974 362 3035 lllll
380 2979 453 3056 Aug.
474 2973 479 3059 Ι
498 2995 566 3038 cum
590 2978 651 3039 mil.
675 2977 731 3057 leg.
748 2973 828 3058 eius‘l
842 2995 868 3038 v.
892 2997 915 3039 s.
939 2978 958 3037 l.
981 2977 1001 3038 l.
1025 2996 1064 3038 m.
1088 2983 1136 3050 (tn
1154 2983 1239 3033 utere
1256 2983 1352 3034 deutra
1371 2983 1469 3043 eleae).

274 3075 320 3126 Ad
335 3073 619 3144 Nonopsous-Prinp
644 3080 739 3143 (prope
756 3075 1014 3141 retributorum),
1036 3077 1073 3128 ad
1091 3077 1235 3141 bioseltarn,
1252 3091 1309 3141 rep.
1328 3078 1357 3126 in
1376 3075 1470 3140 lapici-

187 3160 266 3222 dinis,
289 3177 355 3210 arae
373 3160 450 3224 dnae,
474 3163 539 3213 baec
562 3177 635 3213 nunc
657 3165 685 3212 in
707 3177 797 3212 museo
824 3162 1058 3227 Sangerrnanensi‚
1082 3161 1130 3212 itta
1147 3156 1295 3212 Brunellis'
1312 3160 1471 3227 (delineavit

187 3244 286 3296 llobert
303 3243 441 3311 Mitanges
459 3244 555 3298 Graue
571 3263 598 3312 p.
610 3248 674 3300 552.
691 3248 764 3309 bit).
801 3246 831 3296 ln
849 3247 945 3298 iisdem
968 3247 1124 3312 lapicidinis
1146 3248 1257 3297 extabat
1279 3247 1344 3312 rupi
1369 3249 1470 3297 incisus

188 3331 284 3380 tinius
301 3346 346 3396 ap.
365 3329 464 3381 liabent
480 3331 497 3382 1.
510 3347 532 3382 c.
548 3347 576 3396 p.
587 3332 649 3393 556,
667 3347 743 3396 quem
762 3331 818 3382 alio
837 3331 894 3382 loco
913 3333 1044 3384 dabimus.

271 3465 359 3536 3455
397 3467 518 3531 llerculi
537 3464 542 3552 Ι
563 3468 693 3530 Saxsauo
713 3466 718 3553 Ι
738 3470 770 3532 C.
786 3469 904 3532 Mettius
923 3467 928 3553 Ι
948 3470 1095 3531 senemr
1115 3468 1120 3553 Ι
1141 3471 1197 3549 leg.
1216 3469 1280 3530 xv1
1305 3477 1336 3528 et
1353 3463 1359 3549 Ι
1379 3467 1470 3528 vexil-

188 3571 239 3633 lari
258 3571 264 3655 Ι
284 3574 342 3653 leg.
365 3571 497 3634 eiusdem
517 3574 523 3648 Ι
542 3589 568 3632 ι.
590 3591 613 3632 s.
638 3572 656 3633 Ι.
679 3591 718 3632 m.

188 3757 370 3824 teutpert).
398 3756 500 3808 Eodem
518 3755 577 3808 laco
595 3759 677 3807 etiam
694 3757 765 3807 alius
783 3756 879 3806 titulus
898 3755 1006 3808 Herculi
1018 3756 1130 3808 Sanane
1148 3757 1286 3809 dedicmm
1304 3772 1321 3807 a
1339 3755 1470 3806 militibus

186 3843 292 3909 prodiit
304 3843 469 3905 (brambach
479 3841 550 3909 672).
563 3871 596 3882 -
613 3844 638 3908 1)
657 3841 783 3893 Centurio
801 3842 916 3905 legionis
931 3842 1178 3907 quintaedecimae.
1206 3841 1388 3908 Significatum
1400 3841 1470 3906 legio

188 3925 242 3979 XV
248 3929 424 3993 Primigenia.
457 3927 561 3978 Titulus
579 3928 667 3992 igitur
683 3931 722 3976 est
740 3927 881 3992 antiquior
898 3941 969 3979 anna
985 3941 1012 3992 p.
1033 3926 1093 3980 Cbr.
1110 3927 1142 3979 70
1160 3927 1210 3995 (as.
1227 3943 1313 3994 supra
1330 3925 1365 3978 Ν.
1376 3925 1469 3990 2275).

272 4062 358 4134 5455
387 4066 508 4128 Herculi
523 4067 655 4128 Saxsatw
675 4061 681 4147 Ι
699 4081 816 4126 sacrum
831 4063 923 4125 lulius
937 4063 1048 4146 Vilctor
1065 4069 1083 4125 7
1099 4084 1152 4145 pro
1168 4085 1200 4128 se
1223 4077 1253 4128 et
1271 4064 1470 4149 colmilitones

190 4168 363 4250 singulares
385 4165 522 4252 peditels¹
545 4167 619 4230 Acili
642 4159 1028 4250 Straboni[s]²llcg.1iug.
1052 4185 1078 4227 v.
1101 4186 1125 4228 e.
1149 4169 1167 4229 l.
1190 4187 1230 4230 m.

273 4269 359 4320 [trabi
374 4285 432 4332 rep.
451 4272 480 4319 in
500 4268 661 4335 lapicidinis,
680 4271 734 4318 iarn
752 4266 863 4317 bonnae
880 4266 1118 4332 (manutenebit,
1136 4268 1252 4334 empleuit
1268 4268 1470 4333 Zangemeister

195 4353 291 4406 Westd.
308 4353 441 4406 Zeitsclsr.
458 4354 524 4407 tait
540 4370 569 4421 p.
580 4354 655 4414 282).
673 4380 707 4391 -
730 4354 754 4415 1)
772 4350 813 4401 De
827 4351 963 4417 peditibus
979 4353 1164 4416 angularibus
1178 4353 1314 4420 praesidis
1332 4350 1369 4413 cs.
1386 4368 1469 4417 supra

192 4439 225 4490 ll'.
235 4442 299 4493 esto
311 4440 398 4492 nati.
412 4466 448 4479 -
464 4441 489 4504 2)
508 4437 625 4490 Acilium
637 4438 797 4490 Strabonem
814 4435 926 4486 eundem
942 4440 1022 4502 putat
1033 4437 1234 4502 Zangeneister
1251 4452 1327 4502 quern
1339 4443 1470 4489 memorem

198 4522 254 4577 Tse
271 4542 297 4576 a.
317 4525 355 4590 li,
364 4526 409 4578 58.
420 4550 455 4564 -
471 4523 573 4575 Eodem
592 4524 649 4575 loco
667 4521 748 4572 mulii
765 4521 816 4572 alii
833 4521 907 4572 tituli
924 4521 1035 4572 lineali
1052 4521 1163 4574 Sarrano
1180 4521 1224 4573 uei
1240 4521 1299 4573 Ioui
1316 4527 1342 4574 et
1360 4523 1470 4576 Herculi

195 4608 301 4661 wana
315 4625 332 4660 a
343 4609 474 4661 militibus
484 4611 568 4676 positi
580 4608 746 4674 prodierunt
763 4605 926 4674 (Brambacb
937 4608 984 4658 654
993 4623 1062 4672 sep.,·
1080 4605 1154 4658 lilein
1173 4607 1244 4659 Ann.
1259 4605 1341 4660 llben.
1352 4609 1393 4671 84,
1405 4608 1469 4660 4886

195 4696 286 4758 ptis.
302 4695 373 4762 445),
396 4709 510 4760 quarum
527 4691 671 4744 nonnullas
687 4693 742 4742 alio
760 4691 818 4744 toea
837 4692 966 4744 dabimus.

199 4783 400 4792 ——---.-.—
592 4784 679 4790 -s--.
724 4783 810 4790 ---...-
829 4783 905 4789 -—.—
938 4784 969 4788 -
985 4783 1044 4789 ——-
1076 4785 1183 4790 -—..---....
