3568 5368
339 339 403 399 tto
899 342 991 412 Caput
1008 341 1056 396 xt.
1155 339 1160 349 ⁴

336 534 372 575 ex
395 513 595 576 corniculario
615 511 620 597 Ι
641 514 703 575 teli
719 512 824 576 luliaui
847 533 893 594 pr.
912 515 991 592 rig.¹¹
1015 514 1199 595 tetrastylum
1224 516 1434 596 nymphaeum,
1454 513 1459 596 Ι
1479 525 1624 579 crateram

336 633 404 677 cum
420 616 574 679 columella
597 626 627 678 et
648 617 784 678 altarium
806 635 876 678 cum
892 617 1048 678 columella
1067 616 1072 700 )
1093 634 1259 678 marmorea
1281 626 1312 678 et
1325 618 1410 680 aliam
1427 618 1624 692 columellam,

334 718 405 780 item
429 716 595 780 orbiculum
627 737 694 780 cum
717 714 882 802 cclu)mella
912 729 943 780 et
964 727 1064 780 cetera
1087 717 1211 790 ornarit,
1240 717 1263 779 l.
1287 720 1322 781 Ι).
1346 720 1374 782 d.
1397 719 1452 781 d.¹¹
1480 720 1624 783 dedicavit

335 817 414 902 per)
439 819 575 883 Clodium
599 819 746 883 Catullum
777 839 822 901 pr.
845 822 912 899 vig,
944 821 1104 884 adsistente
1127 819 1219 882 Orbio
1242 820 1382 884 Laetiauo
1410 822 1537 902 subpr.¹³
1562 823 1621 906 et)

334 920 477 985 Castricio
493 923 647 985 llouoratc
670 922 739 985 trib.
755 923 822 985 cob.
839 922 866 983 ll
888 923 980 1002 vig.¹‘,
1003 942 1049 1003 pr.
1065 922 1122 984 lral.
1138 924 1213 1002 Aug.
1234 921 1240 1003 Ι
1260 925 1432 1004 Aproniano
1455 934 1485 986 ct
1507 925 1621 989 bradua

334 1025 428 1098 cos.¹⁸,
451 1043 477 1086 c.
494 1026 532 1086 a.⁸
554 1026 734 1087 Herculanio
757 1024 892 1086 Liberale
915 1019 1024 1110 va[l.]¹⁸

420 1124 527 1192 Romae,
551 1127 620 1176 duae
638 1125 745 1177 tabulae
763 1141 937 1187 marmoreae,
960 1141 1016 1191 rep.
1035 1128 1063 1175 in
1081 1124 1213 1190 Esquiliis
1231 1140 1318 1190 propa
1341 1125 1428 1176 lacum
1446 1127 1548 1178 dicium
1564 1131 1621 1179 ira·

330 1210 420 1274 plicae
431 1209 518 1260 Marii
535 1211 587 1272 (VI
597 1211 644 1262 444
661 1211 731 1261 uidit
749 1209 877 1277 Heraean).
891 1237 926 1248 -
945 1212 970 1273 1)
990 1211 1048 1261 iuvi
1064 1212 1165 1276 optimo
1177 1208 1334 1261 Dalicbcua.
1346 1237 1379 1247 —
1398 1213 1424 1274 2)
1442 1210 1530 1262 Verba
1544 1215 1622 1263 urreis

332 1292 439 1344 inclusa
456 1298 487 1344 ia
506 1296 589 1347 litura
608 1298 727 1362 reposita
743 1301 823 1359 suui,·
841 1299 919 1346 antea
937 1297 977 1345 ibi
988 1297 1089 1360 scripta
1107 1293 1194 1356 fuisse
1206 1295 1331 1360 putanda
1349 1301 1412 1345 suut
1423 1300 1533 1347 aomina
1547 1297 1621 1349 Com·

332 1377 415 1431 madi.
427 1406 461 1415 —
481 1383 507 1444 3)
525 1381 760 1432 6411440000-
777 1382 803 1445 4)
820 1381 949 1433 Fortasse
960 1396 1055 1430 errare
1067 1381 1196 1445 scriptum
1210 1395 1280 1446 pro:
1297 1382 1458 1432 sacrarium.
1471 1409 1506 1419 -
1523 1383 1550 1443 5)
1569 1381 1618 1433 tta-

333 1478 393 1514 ram
410 1469 516 1528 agente.
528 1493 563 1503 -
581 1468 607 1527 6)
623 1465 696 1516 Idem
710 1464 841 1517 Caecilius
854 1466 977 1530 idemque
989 1463 1103 1515 Flauius
1116 1463 1239 1515 Marinus
1257 1469 1441 1516 memoraretur
1458 1469 1487 1516 in
1497 1464 1618 1527 frustula

332 1548 408 1599 tituli
425 1548 485 1600 leui
502 1549 649 1602 Dolicbeua
668 1550 786 1601 dedicati
805 1551 843 1602 Vi
858 1552 942 1602 60944
1002 1549 1071 1600 Buil.
1084 1552 1147 1602 irael.
1160 1550 1234 1601 arab.
1249 1549 1315 1600 4684
1333 1566 1358 1616 p.
1367 1552 1412 1602 66.
1425 1577 1458 1588 ·-
1477 1552 1503 1613 l)
1522 1550 1618 1603 Ceratu-

331 1635 417 1685 ricae.
429 1663 463 1671 -
483 1637 508 1698 8)
522 1633 626 1686 Nomen
638 1651 692 1687 uon
704 1640 776 1686 recte
787 1640 819 1686 ut
829 1635 937 1687 uidetur
948 1638 1079 1700 seriptum
1090 1633 1132 1684 acl
1143 1649 1198 1685 raon
1210 1639 1282 1685 recte
1294 1635 1390 1685 lectum
1403 1634 1511 1701 (ultima
1524 1636 1617 1686 littera

330 1718 456 1785 incerta).
467 1748 501 1756 -
519 1723 544 1785 9)
558 1721 674 1771 lirasarm
686 1736 782 1771 mamea
796 1720 938 1772 Commodi.
951 1747 986 1757 -
1000 1722 1042 1784 10)
1060 1719 1159 1784 Iunge:
1177 1719 1248 1769 Iulia
1260 1719 1417 1772 Concordia.
1427 1748 1459 1757 -
1479 1723 1520 1786 11)
1537 1721 1618 1772 Prae·

330 1801 538 1870 sccii'ur'gilum.
561 1834 595 1844 -
619 1806 902 1871 12)1uuiDalieberao
923 1804 1022 1855 danum
1041 1803 1122 1854 dedii.
1145 1832 1179 1841 -
1204 1805 1245 1870 13)
1265 1803 1470 1870 Subpraesecta,
1492 1821 1528 1856 sc.
1547 1808 1617 1872 uigi-

330 1887 393 1939 lum.
413 1917 444 1927 —
470 1892 511 1956 14)
533 1891 650 1942 Tribuno
669 1893 788 1942 cohortis
804 1889 937 1940 secundae
954 1889 1076 1954 uigilum.
1098 1916 1132 1925 —
1158 1889 1199 1953 15)
1217 1889 1249 1942 A.
1268 1889 1322 1941 lat.
1349 1917 1383 1927 —
1411 1892 1452 1956 16)
1470 1888 1616 1942 Fortasse:

330 1972 529 2026 ualetudinaria
550 1975 698 2040 (biamrrrs.,·
716 1979 745 2026 ira
764 1975 854 2040 lapide
871 1979 909 2024 esi
926 1975 987 2036 vai).

414 2093 500 2164 4310
543 2096 574 2157 b.
596 2098 628 2158 f.¹
648 2097 653 2178 Ι
673 2098 715 2158 Ex
738 2106 900 2177 praecepto
923 2097 945 2157 l.
970 2115 997 2156 o.
1021 2114 1060 2156 m.
1085 2095 1117 2156 0.
1141 2095 1271 2168 aeterni,
1300 2095 1501 2157 conservatori
1523 2097 1615 2160 totius

329 2197 390 2276 puli
413 2206 443 2259 et
465 2199 581 2260 numiui
604 2197 826 2282 pra)estautisso
845 2204 909 2273 (stc)
934 2197 1073 2258 exibitori
1095 2197 1215 2270 inuicto,
1239 2195 1272 2257 L.
1289 2197 1403 2258 Tettius
1419 2195 1544 2259 Hermes
1566 2217 1613 2278 eq.

329 2297 378 2359 ll.¹
399 2309 429 2360 et
454 2296 459 2382 Ι
484 2299 677 2363 kandidatus'
702 2311 731 2360 et
753 2310 898 2380 patronus
925 2299 1014 2361 buius
1047 2299 1120 2371 loci,
1150 2317 1204 2379 pro
1228 2299 1321 2361 salute
1343 2317 1395 2360 sua
1417 2297 1614 2384 etbur1eliae

326 2399 491 2463 Restitutac
514 2403 650 2481 coniugis
671 2410 702 2463 et
724 2402 837 2463 Tettiac
852 2401 1042 2464 Pauuucbiae
1065 2401 1140 2462 filiae
1162 2419 1234 2462 suae
1254 2397 1258 2482 Ι
1279 2411 1309 2462 et
1323 2419 1444 2462 suorum
1468 2411 1497 2462 et
1512 2403 1612 2466 Aureli

327 2501 469 2583 Lampadi
492 2504 592 2566 lratrls
614 2504 773 2578 carissimi,
802 2515 832 2568 et
853 2523 909 2584 pro
932 2502 1061 2565 saloute⁴
1083 2501 1087 2584 Ι
1106 2502 1305 2564 sacerdotium
1332 2513 1362 2564 et
1383 2503 1612 2568 kandidatorum

328 2613 358 2664 at
375 2604 551 2666 colitorum¹
574 2606 662 2668 buius
683 2605 751 2680 loci,
774 2606 873 2668 tabula
893 2603 899 2688 Ι
917 2604 1101 2668 marmorea⁸
1124 2622 1192 2666 cum
1214 2605 1390 2684 proscaenio
1413 2615 1443 2668 ct
1465 2607 1612 2670 columnis

328 2705 356 2766 d.
380 2706 408 2767 d.
432 2706 515 2778 Quos
537 2708 649 2792 elerii)
670 2709 692 2770 l.
715 2727 743 2770 o.
767 2727 805 2770 m.
830 2708 943 2771 usim
966 2707 1086 2778 servire,
1110 2705 1147 2767 ll.
1163 2706 1264 2768 burel.
1284 2706 1480 2787 Oenopione²
1503 2708 1612 2772 Ouesi-

327 2826 410 2869 mum
425 2808 562 2887 siguum⁸
585 2811 672 2874 Acaci
693 2809 697 2892 Ι
718 2811 893 2886 notariuml,
917 2821 946 2872 et
962 2808 1137 2890 Septimium
1153 2808 1316 2870 Antonium
1335 2809 1471 2889 siguum·
1493 2811 1610 2892 Olympi

326 2911 448 2991 patre¹⁰,
473 2911 601 2994 tandiu,
622 2909 628 2997 Ι
647 2923 800 2994 patronos,
823 2915 930 2975 iratres
946 2911 1111 2973 carissimos
1127 2919 1157 2972 et
1171 2910 1300 2991 collegas
1315 2911 1420 2986 huu.¹¹,
1443 2915 1512 2974 Aur.
1529 2913 1610 2992 blag-

327 3012 454 3087 nesium‚
479 3013 490 3090 Ἰ
520 3015 591 3076 bur.
614 3015 815 3097 Serapiacum,
838 3014 1000 3076 bulonium
1031 3012 1235 3088 ttartanumfl,
1264 3013 1302 3074 ll.
1326 3013 1380 3075 lul.
1402 3013 1609 3078 florentinum

325 3114 463 3194 principe
471 3114 493 3148 ¹⁸
511 3112 516 3198 Ι
535 3115 624 3178 buius
639 3117 706 3194 luci,
730 3126 759 3179 et
773 3116 845 3178 Aur.
861 3117 1002 3179 Severum
1019 3125 1190 3176 veteranum
1212 3125 1379 3176 curatorem
1404 3116 1526 3197 tempuli
1545 3123 1609 3191 (sie)

326 3224 356 3276 et
374 3211 380 3297 Ι
399 3218 471 3277 Aur.
493 3217 673 3284 Antiochum
696 3220 858 3295 sacerdote,
883 3219 976 3281 Gemi.
1001 3218 1081 3279 Felix
1104 3229 1133 3279 et
1155 3215 1258 3278 Vibius
1278 3216 1480 3297 Eutychiauus
1498 3218 1505 3293 Ι
1523 3219 1609 3280 lecti-

325 3317 387 3379 cari
410 3318 468 3393 dei,
491 3319 533 3381 Co
549 3365 680 3382 ......
704 3323 871 3384 ceutiauus.

410 3416 511 3469 liomca
528 3423 558 3471 iu
574 3422 708 3475 Aumiiuo
723 3437 810 3489 propa
828 3421 966 3474 ecclesiam
984 3420 1011 3473 S.
1026 3420 1117 3472 Aleaeii
1135 3418 1190 3484 (Vl
1199 3419 1255 3470 406.
1266 3417 1351 3471 60766
1369 3418 1452 3472 descr.
1464 3417 1610 3473 saee.'XVl

324 3502 482 3568 Accursius,
504 3502 624 3564 frustula
641 3523 731 3573 pauca
749 3522 818 3573 quae
835 3523 922 3573 nuper
940 3506 1029 3557 eodem
1048 3505 1105 3556 ioco
1120 3503 1284 3570 prodierunt
1302 3502 1469 3556 Lancianius
1486 3505 1610 3572 aliique).

324 3587 425 3639 Eodem
449 3589 508 3638 luca
531 3590 573 3641 uel
595 3593 634 3642 ibi
652 3607 738 3658 propa
759 3592 923 3658 prodierunt
948 3591 999 3642 aiii
1020 3591 1096 3641 tituli
1118 3589 1177 3640 Ioui
1200 3588 1348 3640 Dolicberto
1372 3589 1503 3656 dedicati,
1524 3607 1609 3657 supra

323 3670 358 3726 Ν.
370 3672 440 3726 4707.
457 3673 535 3735 4644,
563 3673 639 3736 iufra
657 3675 691 3729 Ν.
709 3677 785 3740 iiii,
808 3683 834 3727 ei
854 3681 994 3743 praetcrea
1018 3675 1060 3728 Vt
1073 3677 1132 3728 666.
1149 3675 1206 3726 409.
1242 3673 1310 3724 Fuit
1326 3689 1356 3723 eo
1375 3671 1435 3724 laco
1451 3678 1509 3725 siue
1526 3675 1609 3728 dubio

323 3755 489 3807 Doiaceuum
508 3757 581 3822 quod
595 3765 725 3812 memorat
743 3760 850 3814 Nolilic
867 3762 944 3812 urbis
961 3763 1072 3825 ragione
1090 3759 1157 3812 Xlll
1169 3759 1333 3826 (Auentini).
1351 3785 1386 3796 -
1404 3761 1428 3823 1)
1447 3759 1522 3812 Borea
1538 3759 1609 3812 For·

324 3845 392 3890 turra
410 3844 462 3900 (sic
478 3843 570 3908 potius
587 3859 661 3896 mara
680 3844 781 3896 Graeco
801 3861 880 3912 quam
898 3845 1077 3898 Latinarum:
1096 3845 1200 3897 Boreum
1217 3841 1335 3906 sactum,
1354 3841 1391 3904 cl.
1409 3861 1493 3911 supra
1509 3843 1543 3900 N.
1561 3847 1609 3898 467

323 3929 379 3976 nob
391 3925 428 3993 i).
451 3955 486 3963 -
510 3928 536 3992 2)
554 3927 643 3994 Eques
659 3928 803 3986 Romanus.
829 3958 863 3968 -
889 3932 915 3994 3)
933 3929 1081 3982 Kandidaii
1101 3930 1253 3980 sacerdotes
1271 3930 1300 3978 1ιί
1322 3930 1365 3980 acl
1381 3929 1514 3980 cultarum
1536 3933 1608 3981 anii-

322 4013 398 4061 sia'tes
415 4012 544 4078 appellati
561 4011 678 4074 sortasse
696 4031 713 4066 a
730 4019 802 4066 ueste
819 4016 947 4080 eandida,
963 4031 1015 4080 qua
1029 4016 1176 4065 utebantur
1192 4013 1284 4064 diebus
1299 4013 1378 4074 festio
1396 4014 1553 4081 (Mommsen
1572 4015 1610 4067 ad

323 4095 365 4147 VI
373 4098 505 4150 406-446
517 4099 565 4163 qui
576 4101 644 4150 citat
653 4099 856 4162 Herodicum,
867 4099 948 4166 2).-
961 4102 986 4164 4)
1001 4099 1189 4164 Dtplatbaagus
1201 4102 1230 4149 ire
1243 4099 1354 4165 saloute,
1365 4102 1428 4150 item
1441 4101 1543 4152 colitur·
1554 4116 1608 4166 pru

323 4181 416 4234 cultor·
433 4185 564 4248 scriptum
581 4183 697 4243 i'urtasse
712 4185 806 4250 prodit
824 4189 957 4250 originem
975 4187 1073 4236 burum
1091 4185 1228 4234 bominum
1247 4201 1282 4235 ea
1302 4183 1418 4236 Graecia
1434 4185 1476 4236 cei
1488 4183 1607 4236 Manu.

321 4293 357 4303 -
374 4268 400 4332 b)
420 4264 460 4326 cf.
478 4271 532 4319 nul.
550 4271 574 4319 4.
591 4295 625 4305 ·-
648 4271 673 4331 6)
694 4266 822 4322 Tabulam
840 4285 1027 4321 marmoream.
1045 4298 1079 4306 -
1101 4271 1126 4332 7)
1146 4267 1333 4334 Oenopioncm.
1351 4297 1386 4306 -—
1408 4271 1433 4333 8)
1452 4269 1545 4334 Sigara,
1564 4269 1608 4320 de·

323 4354 383 4403 barii
398 4353 494 4406 dicere.
520 4383 555 4391 —
581 4355 606 4416 9)
626 4352 697 4404 idem
715 4357 849 4420 autarius,
876 4356 918 4418 10)
936 4355 1057 4420 idemque
1073 4361 1151 4420 pater
1174 4354 1290 4416 (scilicet
1305 4354 1486 4416 sacerdotum)
1510 4369 1608 4405 memo·

322 4439 421 4488 rantur·
439 4437 471 4488 Ν.
482 4440 556 4502 tata,
574 4441 622 4489 uiri
638 4439 704 4491 solis
720 4441 807 4504 signis
824 4439 996 4506 appellantur
1012 4441 1130 4491 Aeacius
1148 4444 1173 4490 et
1193 4439 1339 4507 Olympius.
1357 4467 1391 4477 -
1415 4441 1455 4503 11)
1473 4439 1608 4490 Honestis-

322 4523 412 4574 simos.
429 4551 464 4560 -
483 4524 524 4588 12)
543 4523 614 4574 Idem
633 4528 671 4574 esi
688 4523 765 4583 iufra
784 4523 818 4576 Ν.
827 4525 901 4577 tata.
923 4553 956 4563 -
977 4525 1018 4589 13)
1036 4525 1182 4590 Principes.

406 4659 493 4732 4317
538 4681 575 4724 ex
596 4664 678 4726 iussu
701 4662 723 4724 l.
748 4683 776 4726 o.
799 4683 838 4725 m.
860 4665 895 4726 0.
917 4663 921 4745 Ι
941 4663 974 4725 L.
997 4663 1113 4726 Tettius
1136 4663 1276 4726 llermesl
1301 4661 1306 4744 Ι
1333 4681 1402 4725 cum
1424 4663 1530 4742 coiuge
1552 4679 1607 4724 sua
