3546 5378
321 344 383 402 506
861 345 952 416 ceput
969 343 1058 398 111111.

320 513 415 597 90-871
441 519 546 580 itinere
569 536 623 598 per
639 537 690 580 eos
713 514 812 600 nigros
833 527 905 580 sunt
928 527 1017 578 erunt
1039 513 1235 590 fueruntve⁷⁵,
1258 535 1309 580 eae
1331 518 1393 580 viee
1415 518 1502 598 eique
1522 517 1600 580 timi-

320 630 365 682 tes
384 615 389 701 Ι
414 638 507 699 eaque
530 619 635 681 itinere
658 619 776 700 publiea
798 629 898 682 sunto.
1538 610 1553 648 '

405 720 531 783 LXXIX.
576 721 633 794 Oui
657 722 725 784 111111
748 722 801 784 rivi
824 723 922 784 sontes
945 722 1026 784 lacus
1052 741 1146 801 aquae
1169 731 1273 802 stagna
1296 722 1419 804 paludes
1444 721 1449 803 Ι
1474 723 1599 785 suntin

320 843 401 904 egro,
430 825 481 904 qui
505 821 629 886 colon.⁷⁸
650 818 793 910 h[ui]usc.
815 824 914 886 colon.
936 822 1045 886 divisus
1071 821 1082 908 ΙΙ
1110 825 1174 898 erit,
1204 825 1240 886 ad
1262 845 1314 888 eos
1336 826 1414 888 riuos
1436 827 1535 887 sontes
1556 825 1598 887 ie·

319 947 372 990 eus
394 923 576 1008 equesque⁷⁷
604 925 716 1010 stetque
738 927 861 1008 paludes
889 927 948 989 itus
969 937 1052 988 aetus
1073 945 1167 1006 aquae
1189 927 1311 991 haustus
1339 929 1376 990 iis
1397 928 1467 989 item
1492 930 1498 1006 Ι
1524 937 1597 998 esto,

319 1031 371 1109 qui
398 1049 466 1092 eum
492 1048 596 1111 agrum
624 1029 778 1092 habebunt
806 1029 1016 1110 possidebunt,
1047 1030 1088 1091 uti
1118 1029 1123 1112 Ι
1154 1029 1189 1093 iis
1218 1030 1287 1104 tuit,
1316 1031 1367 1110 qui
1396 1049 1464 1092 eum
1494 1047 1598 1109 agrum

320 1131 489 1194 habuerunt
515 1131 720 1213 possederunt.
751 1129 756 1216 Ι
786 1131 919 1212 Itemque
942 1133 986 1204 iis,
1017 1131 1067 1211 qui
1090 1150 1157 1193 eum
1179 1150 1283 1212 ugrum
1307 1132 1418 1194 hebent
1444 1132 1599 1212 possident

319 1230 485 1319 heibebunt
506 1233 712 1314 possidebunt,
735 1234 850 1297 itineris
872 1252 1016 1314 aquarum
1039 1234 1086 1296 lex
1109 1231 1224 1319 iuslque
1246 1244 1319 1297 esto.

405 1336 516 1399 LXXX.
560 1337 641 1410 Quot
662 1337 770 1417 cuique
797 1337 908 1418 negotii
932 1336 1051 1417 publice
1080 1337 1110 1398 in
1134 1337 1232 1400 colon.
1255 1339 1291 1399 de
1314 1337 1415 1399 decur.
1437 1333 1597 1420 senitentie

318 1440 418 1500 datum
434 1441 500 1512 erit,
522 1439 547 1501 is
562 1440 610 1501 oui
626 1439 778 1519 negotium
802 1439 901 1501 datum
924 1439 982 1500 erit
1003 1435 1076 1522 eiius
1099 1441 1142 1502 rei
1158 1441 1305 1502 rationem
1328 1439 1513 1502 decurionib.
1529 1440 1598 1502 red·

318 1543 379 1604 dito
407 1539 587 1624 retertoique
615 1543 645 1604 in
677 1541 754 1603 dieb.
778 1541 824 1605 CL
853 1542 1006 1622 proxumis
1015 1537 1039 1574 ⁷⁸
1066 1542 1089 1604 it
1117 1543 1271 1622 negotium
1300 1542 1466 1604 coniecerit
1495 1539 1501 1624 Ι
1531 1545 1599 1622 qui·

318 1644 410 1708 busre
432 1646 455 1706 it
478 1645 628 1723 negotium
651 1662 757 1724 gerere
778 1644 908 1716 desierit,
930 1653 1004 1723 quot
1026 1645 1089 1706 eius
1109 1641 1114 1728 Ι
1134 1645 1198 1706 fleri
1220 1645 1331 1725 poterit
1352 1664 1375 1707 s.
1398 1644 1427 1705 d.
1450 1641 1517 1706 111.τι

403 1745 529 1809 LXXXI.
573 1747 760 1826 Quicumque
777 1729 861 1808 iivir.
884 1746 983 1808 cedre
1006 1747 1105 1808 colon.
1129 1745 1304 1823 lui-emm,
1334 1748 1353 1809 ii
1375 1747 1480 1810 scribis
1499 1746 1504 1831 Ι
1524 1750 1598 1818 suis,

318 1849 368 1928 qui
397 1849 555 1930 pecuniam
584 1848 732 1930 publicam
761 1848 996 1928 colonorumque
1027 1845 1032 1930 Ι
1062 1850 1193 1912 rationes
1220 1851 1388 1932 scripturus
1417 1851 1482 1924 erit,
1511 1860 1599 1912 ente-

317 1970 406 2031 quom
428 1952 543 2014 tabulas
567 1951 573 2036 Ι
596 1951 730 2032 publicas
751 1951 862 2013 scribet
881 1958 1033 2033 treetetre,
1059 1952 1090 2013 in
1114 1953 1255 2016 contione
1282 1953 1377 2034 pelam
1400 1951 1405 2035 Ι
1434 1952 1493 2014 tun
1516 1971 1597 2014 nun·

318 2054 396 2116 dinis
418 2054 448 2116 iu
472 2056 570 2117 iorum
591 2055 638 2117 ius
660 2052 818 2116 iurandum
841 2049 991 2136 edigiito⁷⁰
1019 2073 1074 2135 per
1097 2054 1194 2116 lovem
1216 2055 1349 2135 deosque
1370 2055 1497 2117 Penates
1516 2047 1598 2117 ‘sese

313 2148 484 2236 ‘pecuniam
508 2153 668 2240 pulblieem
698 2156 761 2218 eius
783 2155 881 2217 colon.
905 2157 1180 2219 concustoditurum
1210 2155 1408 2240 rationeslque
1435 2175 1520 2220 veras
1543 2157 1597 2218 he-

314 2251 459 2321 ‘biturum
481 2278 556 2331 esse,
579 2279 608 2320 u.
624 2278 653 2339 q.
670 2279 694 2320 r.
717 2260 737 2320 1.
761 2277 787 2320 e.
803 2256 855 2320 r.'⁰
875 2279 899 2321 s.
916 2259 942 2325 d.
963 2255 1037 2332 m.⁷³,
1062 2255 1171 2344 nelque
1194 2279 1226 2322 se
1248 2260 1381 2322 fraudem
1405 2277 1460 2339 per
1481 2259 1597 2322 litterae

313 2354 474 2423 ‘iacturum
498 2379 562 2424 esse
583 2379 625 2423 sc.
647 2362 676 2422 d.
699 2359 780 2422 m.'⁸¹
823 2361 870 2422 Uti
893 2362 1020 2441 quisque
1042 2359 1140 2424 scribe
1162 2362 1202 2424 ita
1224 2362 1373 2436 iuraverit,
1399 2362 1429 2423 in
1452 2360 1568 2423 ubutas
1587 2357 1594 2444 Ι

315 2464 450 2544 publices
472 2464 619 2524 reseratur
639 2463 737 2527 facito.
782 2463 839 2535 Qui
862 2463 900 2523 ite
930 2481 990 2525 non
1014 2461 1178 2546 iuraueirit,
1207 2464 1232 2527 is
1254 2463 1368 2526 tabulas
1397 2461 1532 2543 publices
1554 2481 1596 2524 ne

316 2565 437 2628 scribito
462 2585 535 2628 neve
557 2585 607 2628 aes
626 2562 631 2648 Ι
650 2565 860 2646 suppositorium
884 2566 1110 2646 mercedemque
1133 2566 1172 2628 oh
1194 2585 1221 2628 e.
1245 2563 1296 2633 r.⁸²
1318 2565 1426 2646 kepito.
1448 2562 1453 2646 Ι
1473 2564 1532 2636 Qui
1546 2565 1596 2626 ius

315 2668 472 2729 iurandum
502 2686 563 2729 non
587 2666 732 2745 adegerit,
766 2668 792 2728 ei
816 2667 864 2729 HS
887 2667 933 2729 loo
962 2664 1116 2753 mui'tee⁸⁸
1142 2678 1215 2741 esto,
1249 2670 1342 2749 eiusq.
1369 2667 1515 2748 pecuniae
1543 2667 1594 2728 eui

315 2769 392 2830 volet
414 2769 516 2848 petitio
539 2763 720 2852 perisccutio
743 2788 779 2830 ex
801 2768 830 2829 h.
851 2769 871 2830 1.
894 2780 967 2832 esto.

399 2869 539 2932 LXXXil.
582 2870 640 2942 Qui
668 2872 730 2950 egri
761 2889 895 2951 quaeque
924 2871 1013 2934 silvae
1040 2891 1146 2953 quaeq.
1175 2872 1307 2934 aedificia
1336 2889 1362 2933 e.
1392 2891 1418 2934 e.
1449 2870 1485 2932 G.
1506 2865 1592 2953 1.*’,Ι

314 2973 423 3054 quibus
444 2972 563 3054 publice
586 2983 716 3046 utantur,
739 2973 804 3035 date
827 2973 975 3036 adtributo
998 2971 1105 3056 sirum,
1128 2994 1167 3037 ne
1181 2976 1249 3054 quis
1270 2993 1322 3037 eos
1337 2993 1424 3055 agros
1447 2991 1521 3036 neve
1544 2991 1595 3034 eas

314 3076 400 3138 silves
421 3076 547 3156 venldito
570 3093 644 3136 neue
667 3075 764 3138 locato
785 3074 905 3156 longius
927 3095 1016 3156 quam
1039 3077 1070 3138 in
1094 3077 1356 3158 quinquenlnium,
1387 3094 1460 3138 neve
1482 3075 1518 3136 ed
1540 3074 1594 3136 de·

314 3179 453 3241 curiones
475 3179 584 3240 referto
613 3197 687 3240 neve
709 3178 914 3258 deeuirionum
937 3180 1108 3241 consultum
1130 3181 1229 3254 facito,
1258 3198 1317 3259 quo
1340 3180 1367 3241 ei
1390 3178 1452 3259 egri
1478 3181 1594 3252 erere!

314 3282 401 3344 silvae
424 3290 552 3343 veneant
582 3281 701 3342 aliterve
723 3280 870 3343 locentur.
914 3281 994 3343 Neve
1016 3283 1040 3344 si
1063 3281 1231 3362 reiuierint,
1259 3282 1362 3345 iteireo
1385 3281 1534 3343 1111111131κ
1558 3279 1594 3342 G.

315 3379 396 3450 iui.¹⁷
417 3392 516 3446 sunto.
547 3380 664 3462 Quique
680 3383 715 3444 iis
734 3379 739 3463 Ι
759 3381 849 3445 rebus
864 3377 1030 3471 truc[t]us⁸⁴
1045 3386 1110 3457 erit,
1133 3395 1206 3464 quot
1221 3403 1253 3446 se
1268 3384 1373 3446 emisse
1388 3383 1474 3456 dicet,
1496 3381 1522 3444 is
1537 3381 1567 3443 in
1586 3377 1592 3466 Ι

314 3487 381 3566 iuga
403 3486 479 3566 sing.
501 3485 594 3564 inque
615 3503 712 3546 annos
733 3483 809 3564 sing.
834 3483 881 3546 tls
898 3483 949 3548 0⁸⁸
970 3505 996 3548 e.
1012 3505 1037 3548 o.
1054 3486 1089 3548 G.
1106 3484 1185 3547 lul.⁸⁷
1206 3487 1234 3549 d.
1258 3483 1313 3548 d.⁸⁹
1338 3483 1351 3569 Ι
1376 3480 1454 3572 [esto.
1476 3489 1594 3566 sciesque

312 3591 450 3669 pecuniae
471 3591 520 3649 esui
539 3585 617 3650 colet
634 3590 736 3668 petitio
756 3591 969 3670 persecutioque
990 3607 1028 3650 eor
1048 3587 1101 3651 ine
1123 3587 1181 3669 lepe
1203 3583 1282 3675 esto]

361 3705 456 3766 (Deest
474 3705 580 3766 roduin,
598 3705 641 3756 uei
656 3708 748 3771 potirer
766 3705 874 3757 teduine
889 3722 954 3772 porr
971 3706 1095 3772 dimidia,
1116 3723 1185 3774 quae
1201 3708 1354 3758 continebat
1371 3709 1460 3772 eapite
1480 3705 1548 3770 legis

654 3792 686 3841 ab
706 3795 865 3856 octogesimo
884 3795 965 3843 tertio
983 3793 1020 3843 ad
1035 3791 1259 3860 nonagesimum.)

407 3886 497 3977 [XCI.
536 3893 571 3956 Si
591 3900 656 3976 quis
676 3913 715 3956 en
735 3893 787 3956 hue
808 3894 867 3975 lepe
888 3895 1003 3958 decurio
1025 3914 1121 3977 eupur
1140 3896 1276 3978 pomifero
1297 3894 1424 3958 coioniae
1441 3891 1595 3956 omum

315 3992 406 4058 Iuliae
427 3997 522 4075 [actm
544 3992 699 4084 meatem]
727 3998 796 4071 erit,
823 4006 887 4059 tum
911 3998 1092 4079 quicumque
1114 3999 1235 4062 decurio
1262 4015 1358 4079 augur
1378 3997 1512 4078 pontifex
1535 3996 1593 4058 hu-

314 4099 420 4179 iusque
440 4095 445 4182 Ι
465 4099 521 4161 coi.
540 4098 722 4160 domicilium
745 4099 774 4160 in
799 4117 832 4160 eo
855 4099 911 4160 col.
935 4101 1044 4181 oppido
1067 4102 1226 4182 propiusve
1247 4101 1271 4162 it
1292 4099 1434 4180 oppidum
1457 4118 1486 4179 p.
1507 4093 1591 4180 00⁸⁸}

315 4219 375 4262 non
398 4200 518 4264 habehit
539 4200 664 4263 onnisV
684 4201 847 4281 proxumis,
871 4201 950 4263 unde
971 4201 1082 4283 pignus
1105 4204 1168 4266 eius
1185 4212 1258 4284 quot
1272 4203 1342 4266 setis
1361 4199 1366 4284 Ι
1385 4201 1424 4263 sit
1438 4199 1504 4281 cepi
1519 4219 1593 4280 pos-

399 4391 441 4452 75)
459 4387 587 4439 Fortem
601 4402 654 4438 rer.
672 4386 768 4455 quique
781 4387 874 4438 limites
893 4401 937 4454 per
950 4402 995 4440 eos
1012 4402 1088 4454 egros
1106 4395 1166 4440 sunt
1178 4395 1252 4441 erunt
1264 4387 1417 4451 (flemme).
1429 4414 1464 4424 -
1481 4387 1525 4450 16)
1545 4385 1593 4438 Co·

314 4471 391 4524 1111113.
414 4501 446 4511 -
470 4475 512 4534 tr)
531 4471 588 4526 Ser.
607 4486 696 4540 eques.
718 4499 751 4512 ·-
775 4474 818 4536 18)
840 4472 931 4524 rmm
948 4471 1050 4540 quibus.
1073 4499 1107 4510 -
1130 4473 1172 4536 ’18)
1194 4472 1235 4523 De
1251 4487 1282 4522 re
1304 4469 1340 4532 es.
1358 4469 1504 4524 Mommsen
1521 4471 1592 4538 Epi.

313 4560 384 4623 ep.d
397 4557 491 4623 18108.
510 4587 543 4596 —
560 4560 602 4622 80)
622 4557 667 4612 Uti
684 4559 756 4625 quod
772 4556 957 4619 reeusnetum
971 4573 1028 4607 erre
1044 4557 1167 4610 111111.-
1185 4557 1228 4620 81)
1246 4556 1378 4609 Serenum
1391 4555 1452 4608 doio
1464 4555 1546 4608 meto.
1557 4585 1593 4596 -

313 4645 356 4708 82)
373 4644 441 4696 Eam
458 4660 522 4698 rent.
541 4673 573 4682 -
592 4643 635 4706 83)
654 4643 712 4697 Ser.
730 4644 819 4696 11111111.
836 4673 869 4683 -
887 4646 929 4706 et)
947 4643 1043 4695 irueins
1061 4659 1114 4696 aer.
1132 4671 1166 4682 -
1182 4644 1224 4706 85)
1244 4641 1362 4694 Cenum.
1378 4669 1411 4680 -
1433 4643 1475 4707 88)
1494 4641 1594 4693 Parere

312 4727 393 4780 mitio.
427 4729 469 4780 De
484 4745 515 4780 re
532 4727 568 4790 es.
587 4727 730 4780 Memorem
747 4728 816 4795 Epi.
829 4729 897 4794 «μὶ
913 4743 941 4794 p.
953 4727 1010 4781 1116.
