3546 5378
519 359 604 414 Tituli
621 359 807 430 municipales.
825 389 860 400 -
878 361 936 417 Lex
953 361 1124 419 Ursonenaia.
1399 363 1461 423 503

184 517 271 594 ΠΨ
293 533 364 594 anni
393 528 635 616 erupluissencfl,
664 543 697 594 ut
719 550 775 613 pro
797 534 944 614 portione,
974 554 1061 614 quam
1090 537 1140 598 diu
1170 537 1370 618 apparuissiut
1387 545 1467 612 (sie),

184 635 360 717 merleedcm
382 653 497 730 pro-eo
520 632 705 716 laperent²³,
731 635 811 715 itque
834 637 870 697 iis
892 656 915 698 s.
939 637 958 697 i.
982 657 1004 699 s.
1028 655 1054 698 c.
1077 635 1123 700 l.²⁰

270 736 385 799 LXllll.
430 737 510 798 liviri
526 737 706 818 quicumque
729 748 798 817 post
814 738 912 802 colon.
929 739 1084 801 deductam
1101 751 1200 814 erunt,
1225 740 1243 801 ii
1259 741 1288 803 iu
1305 736 1462 825 dielbusli

184 841 346 921 proxumis,
376 839 572 919 quibuscum
597 859 673 920 mag.
696 859 801 922 gerere
823 841 987 919 coeperint,
1015 843 1069 922 att
1095 843 1272 905 decuriones
1297 844 1461 914 reiorunto,

183 961 252 1003 cnm
274 960 336 1004 non
360 943 459 1004 miuus
482 943 556 1004 duae
577 951 677 1023 partes
707 943 711 1024 Ι
741 942 871 1016 aderint,
902 961 977 1022 quos
999 955 1029 1005 et
1051 955 1125 1024 quot
1146 945 1209 1007 dies
1231 946 1323 1007 lestos
1345 964 1409 1008 esse
1433 955 1462 1006 et

184 1063 258 1123 quae
280 1063 362 1106 saera
381 1042 386 1128 Ι
414 1045 477 1106 fleri
499 1043 617 1124 publice
640 1045 755 1125 placeat
777 1055 807 1106 et
828 1063 903 1124 quos
926 1061 959 1106 ea
982 1063 1063 1108 sacra
1086 1048 1183 1109 iacere
1206 1045 1337 1128 plaeelat.
1382 1047 1463 1119 Quot

183 1165 219 1208 ex
241 1146 283 1208 eis
304 1146 394 1208 rebus
416 1146 611 1208 decurionum
636 1147 728 1209 maior
751 1166 828 1227 pars,
852 1147 902 1227 qui
921 1143 927 1230 Ι
946 1156 1009 1208 tum
1032 1148 1168 1222 aderunt,
1197 1148 1382 1212 decreverint
1402 1159 1461 1210 sta·

183 1249 304 1320 tuerint,
327 1248 349 1308 it
371 1249 417 1310 ius
438 1245 603 1330 ratumlque
626 1260 698 1320 esto,
721 1267 815 1328 eaque
837 1268 918 1312 sacra
942 1251 1028 1330 eique
1050 1250 1112 1313 dies
1134 1250 1199 1312 iesti
1222 1251 1252 1312 in
1277 1269 1310 1312 ea
1334 1250 1431 1312 colon.
1453 1248 1459 1337 Ι

182 1361 282 1412 sunto.

267 1449 352 1512 LXV.
396 1451 478 1522 Quae
506 1452 632 1532 pecunie
663 1472 777 1532 poenae
809 1454 929 1514 nomine
950 1453 990 1514 ob
1012 1447 1197 1538 vectiga[l]ia,
1227 1473 1303 1534 quae
1329 1453 1333 1523 l
1361 1457 1460 1518 colon.

182 1554 217 1616 G.
238 1549 318 1616 lul.¹⁷
339 1563 438 1627 eruut,
461 1554 490 1615 in
516 1553 666 1633 publicum
690 1556 807 1616 redacta
830 1557 895 1630 erit,
918 1573 981 1618 eam
1002 1553 1007 1638 Ι
1027 1558 1187 1636 pecuniam·
1208 1558 1315 1637 nequis
1338 1576 1460 1638 erogare

181 1674 256 1719 nere
278 1656 326 1719 cui
350 1657 419 1718 dare
442 1673 515 1718 neve
537 1652 710 1743 attrilbuere
731 1667 908 1738 potestatem
935 1658 1045 1720 hebeto
1069 1659 1124 1720 uisi
1147 1669 1177 1720 at
1198 1677 1231 1720 ea
1253 1678 1353 1734 sacra,
1384 1679 1458 1740 quae

181 1762 212 1822 in
239 1755 244 1842 Ι
271 1760 369 1821 colon.
392 1757 485 1820 aliove
514 1777 574 1839 quo
596 1760 662 1820 loco
685 1760 861 1821 colonorum
892 1761 1014 1822 nomine
1036 1756 1126 1832 tiat¹⁸,
1156 1761 1161 1838 Ι
1192 1779 1265 1822 nere
1288 1763 1354 1841 quis
1376 1761 1460 1825 aliter

180 1881 246 1926 earn
262 1861 420 1943 pecuniam
442 1881 465 1923 s.
489 1862 509 1922 i.
533 1860 571 1922 s.¹
592 1861 700 1941 kapite,
725 1857 824 1922 uive²⁹
846 1863 912 1941 quis
931 1858 936 1944 Ι
961 1861 997 1924 de
1020 1881 1053 1924 ea
1076 1863 1203 1943 pecunia
1225 1864 1260 1925 ad
1284 1863 1460 1926 decuriones

180 1963 333 2027 reieruudi
355 1981 429 2024 nere
452 1963 518 2043 quis
537 1961 542 2043 Ι
562 1963 646 2024 deca
662 1963 789 2043 pecunia
811 1966 990 2026 sententiam
1013 1965 1130 2026 dicendi
1152 1965 1198 2027 ius
1220 1964 1459 2048 potestatique

179 2067 296 2130 habeto.
341 2065 473 2145 Eamque
496 2066 653 2146 pecuniam
676 2066 712 2127 ad
735 2084 768 2127 ea
790 2085 887 2140 saera,
916 2085 992 2147 quae
1019 2064 1024 2152 Ι
1050 2067 1081 2128 in
1106 2085 1139 2128 ea
1161 2067 1262 2129 colon.
1284 2067 1377 2130 aliove
1399 2087 1459 2148 quo

180 2171 246 2232 loeo
265 2165 427 2231 colonor.⁸⁰
449 2168 569 2230 nomine
588 2165 593 2250 Ι
614 2169 701 2242 ilent,
723 2153 804 2230 finiri
818 2175 882 2242 (sic)
905 2189 928 2232 s.
945 2171 964 2231 i.
980 2171 1017 2231 s.²
1035 2169 1180 2245 europe)
1202 2169 1355 2232 attribuito
1378 2170 1458 2250 itque

179 2275 207 2334 ei
230 2275 326 2334 iacere
352 2267 357 2352 Ι
383 2271 429 2332 ius
456 2280 616 2350 potestasq.
639 2281 711 2334 esto.
757 2271 851 2351 Eique
881 2271 928 2332 eui
948 2273 984 2333 'ea
1015 2265 1164 2357 [p]ecuuia
1190 2269 1316 2354 dabiltur
1343 2292 1367 2335 s.
1391 2273 1410 2334 i.
1434 2293 1457 2334 s.

179 2376 287 2456 lapera
310 2374 405 2435 liceto.

265 2476 363 2538 txvr.
407 2473 488 2548 Quos
517 2476 673 2555 pontifices
701 2495 837 2556 quosque
865 2495 992 2556 augures
1020 2477 1055 2539 G.
1079 2476 1195 2546 Caesar,
1224 2477 1311 2556 quive
1340 2473 1345 2560 Ι
1376 2477 1456 2540 iussu

179 2582 243 2644 eius
265 2581 366 2642 colon.
388 2579 558 2653 deduxerit,
587 2579 691 2642 iecerit
713 2598 749 2642 ex
772 2581 870 2643 colon.
893 2577 1019 2664 Gelnet,
1044 2581 1071 2642 ei
1093 2574 1274 2666 pon[t]iflces
1296 2581 1383 2660 eique
1405 2598 1456 2642 au-

177 2701 268 2764 gures
291 2702 316 2744 c.
333 2682 366 2744 G.
384 2677 431 2742 Ι.”7
453 2691 554 2755 sunto,
577 2682 634 2762 eiq.
655 2677 661 2762 Ι
679 2675 883 2769 pon[r]i[fi]ces
905 2701 1092 2764 auguresque
1110 2684 1141 2744 iu
1158 2684 1331 2763 pontificum
1355 2681 1458 2766 augul-

178 2803 245 2848 rum
268 2784 405 2863 conlegio
420 2783 450 2845 iu
468 2803 502 2844 ea
519 2783 616 2845 colon.
632 2795 732 2858 sunto,
756 2787 794 2846 ite
811 2787 852 2847 uti
869 2787 919 2866 qui
939 2783 944 2866 Ι
964 2787 1074 2866 optima
1087 2791 1151 2861 (sie)
1173 2786 1239 2865 lege
1255 2800 1377 2867 optumo
1393 2785 1457 2848 iure

177 2888 208 2948 in
232 2905 349 2966 quaque
372 2886 470 2947 colon.
490 2883 495 2969 Ι
515 2887 621 2966 pontii.
644 2905 772 2968 augures
794 2897 865 2950 sunt
879 2898 977 2951 erunt.
1015 2889 1113 2969 lisque
1130 2887 1321 2970 pontificibus
1339 2885 1345 2968 Ι
1364 2904 1457 2965 augu-

177 2983 354 3074 ri[d]usque‚
376 2989 472 3069 quiin
491 3006 611 3068 quoque
626 3007 730 3050 eorum
746 2989 872 3070 collegio
891 2985 898 3074 Ι
916 3000 1015 3064 erunt,
1038 2991 1199 3070 liberisque
1214 3008 1317 3051 eorum
1339 2988 1457 3054 militiae

177 3087 380 3176 muuerisqlue
409 3091 521 3172 publici
547 3091 658 3154 vacatio
688 3110 774 3154 sacro
796 3089 958 3154 sanctius³¹
986 3103 1059 3166 esto,
1089 3093 1130 3156 uti
1157 3089 1300 3176 ponitillci
1322 3091 1457 3153 Romano

177 3203 224 3256 est
245 3193 311 3266 erit,
334 3189 460 3274 eaque³²
480 3192 616 3254 militaria
639 3211 673 3254 ea
696 3195 805 3272 omuila
828 3195 931 3255 merita
954 3205 1053 3256 sunto.
1098 3193 1141 3254 lle
1162 3194 1300 3276 auspiciis
1322 3210 1457 3272 quaeque

177 3294 212 3356 ad
242 3314 292 3358 eas
324 3314 373 3358 res
402 3292 609 3378 peritiuebunt
639 3314 785 3376 augurum
820 3297 892 3358 iuris
926 3297 1015 3358 dictio
1049 3295 1186 3358 iudicatio
1220 3305 1293 3358 esto.
1338 3291 1457 3378 Eislque

175 3398 344 3500 pontificib.
375 3399 598 3478 auguribusque
620 3397 705 3470 ludis,
732 3409 806 3478 quot
828 3398 946 3479 publice
968 3395 1167 3479 malgistratus
1189 3398 1311 3469 sacient,
1337 3406 1367 3459 et
1389 3415 1456 3458 cum

178 3501 206 3562 ei
228 3501 362 3582 pontific.
385 3520 513 3582 augures
534 3497 625 3584 saleru
647 3499 766 3580 publica
789 3520 814 3562 c.
838 3501 873 3563 G.
894 3497 943 3562 1.²⁷
965 3501 1089 3574 iacient,
1112 3511 1195 3578 togas
1216 3510 1383 3581 praetextas
1404 3499 1456 3560 ha·

176 3600 280 3688 beraldi
309 3605 356 3666 ius
384 3614 545 3684 potestasq.
569 3615 642 3676 esto,
672 3603 773 3683 eisque
803 3604 967 3684 pontificib.
990 3600 1182 3686 augurib.·lq.
1205 3601 1291 3664 ludos
1315 3602 1456 3681 gladiato·

176 3723 257 3785 resq.
279 3705 359 3768 inter
379 3707 557 3768 decuriones
579 3701 723 3788 spectalre
746 3706 793 3769 ius
813 3716 1003 3788 potestasque
1026 3717 1100 3768 esto.

263 3807 376 3870 varr.
410 3807 597 3888 Quicumque
618 3808 725 3889 pontii.
749 3809 860 3888 quique
883 3827 1011 3888 augures
1032 3828 1058 3870 c.
1075 3808 1110 3870 G.
1127 3803 1175 3869 l.²⁷
1197 3819 1265 3886 post
1286 3807 1314 3870 h.
1331 3801 1376 3873 l.³³
1397 3804 1456 3889 dal·

177 3921 237 3972 tam
260 3910 291 3972 in
315 3911 483 3991 conlegium
506 3911 641 3991 pontific.
663 3927 840 3990 augurumq.
863 3911 894 3973 in
917 3907 1076 3996 demoritui
1105 3911 1269 3973 damnatire
1297 3909 1456 3972 incubi.

177 4011 272 4074 lectus
294 4021 485 4093 cooptatusve
508 4013 574 4086 erit,
594 4009 599 4097 Ι
625 4011 649 4074 is
669 4013 774 4092 pontii.
797 4031 922 4093 augurq.
946 4014 975 4074 in
999 4032 1026 4076 c.
1050 4009 1130 4076 lul.³⁴
1151 4013 1180 4075 in
1204 4013 1374 4094 conlegium
1393 4019 1456 4086 (stc)

177 4109 339 4195 pontiiex⁸‘
358 4110 363 4196 Ι
382 4133 506 4196 augurq.
523 4127 597 4189 esto,
621 4115 658 4176 ita
674 4116 717 4176 uti
734 4114 785 4194 qui
804 4125 924 4196 optuma
941 4115 1006 4196 lege
1025 4115 1055 4177 iu
1074 4134 1190 4195 quaque
1210 4117 1215 4194 Ι
1235 4116 1333 4177 colon.
1349 4115 1456 4195 pontii.

177 4235 337 4296 auguresq.
360 4228 431 4279 sunt
446 4229 544 4279 erunt.
588 4217 666 4280 Neve
690 4217 755 4297 quis
775 4215 780 4300 Ι
800 4236 888 4296 quem
911 4219 941 4279 in
967 4218 1135 4299 conlegium
1159 4217 1334 4297 pontificum
1357 4217 1456 4297 kapite

263 4404 307 4468 23)
325 4403 462 4468 Qrcartam.
479 4431 514 4442 -
539 4405 582 4466 24)
601 4401 658 4454 Ser.
677 4403 866 4470 apparuissent.
884 4431 919 4441 -
943 4403 987 4464 25)
1003 4403 1045 4454 aa
1061 4419 1092 4455 re
1109 4402 1145 4465 cs.
1163 4403 1282 4455 diceneus.
1300 4401 1369 4469 Epic.
1387 4405 1457 4470 apd

174 4505 202 4554 p.
213 4488 271 4540 408.
289 4516 324 4526 -
341 4491 385 4553 23)
404 4488 469 4540 Sine
485 4485 587 4548 froude
603 4503 652 4538 rua
671 4503 765 4554 capere
783 4487 868 4540 liceto.
884 4515 918 4527 -
944 4490 987 4552 27)
1006 4488 1131 4541 &ioniae
1150 4486 1402 4540 consumeremus.
1423 4516 1456 4525 —

177 4573 220 4640 23)
237 4573 298 4625 Ser.
314 4569 385 4626 flant
413 4573 454 4623 Be
471 4587 501 4624 re
519 4570 555 4633 cf.
573 4572 692 4625 Mosarna.
709 4572 862 4638 Epomeus
877 4574 972 4638 proc
989 4601 1024 4612 -
1042 4574 1085 4637 29)
1103 4572 1162 4626 Ser.
1180 4587 1254 4625 nere.
1271 4599 1305 4611 -
1324 4574 1368 4636 30)
1386 4571 1456 4625 eolo·

177 4657 231 4710 uorl
249 4673 303 4711 aee.
331 4683 360 4696 -
390 4659 433 4721 31)
456 4657 514 4710 Ser.
532 4665 703 4710 sacrosancta.
732 4687 763 4697 -
791 4659 834 4720 32)
857 4657 915 4710 Ser.
941 4673 1058 4726 aeraque.
1086 4687 1119 4697 -
1146 4656 1191 4727 33)
1215 4658 1291 4710 Hune
1313 4659 1404 4724 tegern
1422 4685 1457 4696 —

178 4743 221 4806 34)
240 4743 352 4795 Colonia
370 4743 450 4795 liclia.
469 4771 500 4781 —
520 4746 563 4803 33)
581 4740 641 4796 Ser.¹
661 4740 818 4808 pontificum.
