<?xml version="1.0" encoding="UTF-8"?>
<!DOCTYPE html PUBLIC "-//W3C//DTD XHTML 1.0 Transitional//EN"
    "http://www.w3.org/TR/xhtml1/DTD/xhtml1-transitional.dtd">
<html xmlns="http://www.w3.org/1999/xhtml" xml:lang="en" lang="en">
 <head>
  <title>
</title>
<meta http-equiv="Content-Type" content="text/html;charset=utf-8" />
  <meta name='ocr-system' content='tesseract 3.04.00' />
  <meta name='ocr-capabilities' content='ocr_page ocr_carea ocr_par ocr_line ocrx_word'/>
</head>
<body>
  <div class='ocr_page' id='page_1' title='image "./inscriptionesla00dessgoog/inscriptionesla00dessgoog_0520.png"; bbox 0 0 3546 5378; ppageno 0'>
   <div class='ocr_carea' id='block_1_1' title="bbox 503 379 1445 451">
    <p class='ocr_par' dir='ltr' id='par_1_1' title="bbox 503 379 1445 451">
     <span class='ocr_line' id='line_1_1' title="bbox 503 379 1445 451; baseline 0.004 -17"><span class='ocrx_word' id='word_1_1' title='bbox 503 379 588 434; x_wconf 83' lang='lat' dir='ltr'><strong>Tituli</strong></span> <span class='ocrx_word' id='word_1_2' title='bbox 606 380 794 451; x_wconf 76' lang='lat' dir='ltr'><strong>munIctpales.</strong></span> <span class='ocrx_word' id='word_1_3' title='bbox 811 409 847 422; x_wconf 93' lang='lat'><em>-</em></span> <span class='ocrx_word' id='word_1_4' title='bbox 863 379 922 435; x_wconf 84' lang='lat' dir='ltr'><strong>Lex</strong></span> <span class='ocrx_word' id='word_1_5' title='bbox 941 381 1115 436; x_wconf 87' lang='lat' dir='ltr'><strong>Ursonensis.</strong></span> <span class='ocrx_word' id='word_1_6' title='bbox 1383 379 1445 438; x_wconf 87' lang='grc'><strong>509</strong></span> 
     </span>
    </p>
   </div>
   <div class='ocr_carea' id='block_1_2' title="bbox 169 547 1454 3484">
    <p class='ocr_par' dir='ltr' id='par_1_2' title="bbox 169 547 1447 735">
     <span class='ocr_line' id='line_1_2' title="bbox 169 547 1447 635; baseline 0.001 -21"><span class='ocrx_word' id='word_1_7' title='bbox 169 551 218 615; x_wconf 81' lang='lat' dir='ltr'><strong>HS</strong></span> <span class='ocrx_word' id='word_1_8' title='bbox 241 548 297 615; x_wconf 79' lang='grc'><strong>1))</strong></span> <span class='ocrx_word' id='word_1_9' title='bbox 327 552 425 614; x_wconf 87' lang='lat' dir='ltr'><strong>colon.</strong></span> <span class='ocrx_word' id='word_1_10' title='bbox 445 551 449 635; x_wconf 93' lang='grc' dir='ltr'>Ι</span> <span class='ocrx_word' id='word_1_11' title='bbox 470 553 534 615; x_wconf 86' lang='lat' dir='ltr'><strong>eius</strong></span> <span class='ocrx_word' id='word_1_12' title='bbox 561 553 660 615; x_wconf 84' lang='lat' dir='ltr'><strong>coion.</strong></span> <span class='ocrx_word' id='word_1_13' title='bbox 682 555 711 615; x_wconf 91' lang='lat' dir='ltr'><strong>d.</strong></span> <span class='ocrx_word' id='word_1_14' title='bbox 733 554 785 615; x_wconf 72' lang='grc' dir='ltr'><strong>(1.ιο</strong></span> <span class='ocrx_word' id='word_1_15' title='bbox 807 565 881 626; x_wconf 85' lang='lat' dir='ltr'><strong>esto,</strong></span> <span class='ocrx_word' id='word_1_16' title='bbox 915 554 1038 634; x_wconf 87' lang='lat' dir='ltr'><strong>eiusque</strong></span> <span class='ocrx_word' id='word_1_17' title='bbox 1061 553 1206 634; x_wconf 89' lang='lat' dir='ltr'><strong>pecuniae</strong></span> <span class='ocrx_word' id='word_1_18' title='bbox 1228 553 1327 615; x_wconf 86' lang='lat' dir='ltr'><strong>coion.</strong></span> <span class='ocrx_word' id='word_1_19' title='bbox 1352 553 1414 615; x_wconf 90' lang='lat' dir='ltr'><strong>eius</strong></span> <span class='ocrx_word' id='word_1_20' title='bbox 1441 547 1447 633; x_wconf 91' lang='grc' dir='ltr'>Ι</span> 
     </span>
     <span class='ocr_line' id='line_1_3' title="bbox 169 653 662 735; baseline 0.002 -20"><span class='ocrx_word' id='word_1_21' title='bbox 169 653 269 719; x_wconf 89' lang='lat' dir='ltr'><strong>colon.</strong></span> <span class='ocrx_word' id='word_1_22' title='bbox 292 655 340 716; x_wconf 91' lang='lat' dir='ltr'><strong>cui</strong></span> <span class='ocrx_word' id='word_1_23' title='bbox 363 655 441 716; x_wconf 83' lang='lat' dir='ltr'><strong>volet</strong></span> <span class='ocrx_word' id='word_1_24' title='bbox 461 655 566 735; x_wconf 88' lang='lat' dir='ltr'><strong>petitio</strong></span> <span class='ocrx_word' id='word_1_25' title='bbox 588 665 662 718; x_wconf 89' lang='lat' dir='ltr'><strong>esto.</strong></span> 
     </span>
    </p>

    <p class='ocr_par' dir='ltr' id='par_1_3' title="bbox 169 752 1451 1760">
     <span class='ocr_line' id='line_1_4' title="bbox 254 752 1448 841; baseline 0 -24"><span class='ocrx_word' id='word_1_26' title='bbox 254 755 380 819; x_wconf 83' lang='lat' dir='ltr'><strong>XCVili.</strong></span> <span class='ocrx_word' id='word_1_27' title='bbox 424 756 649 837; x_wconf 80' lang='lat' dir='ltr'><strong>Quamcumque</strong></span> <span class='ocrx_word' id='word_1_28' title='bbox 670 759 867 821; x_wconf 88' lang='lat' dir='ltr'><strong>munitionem</strong></span> <span class='ocrx_word' id='word_1_29' title='bbox 889 759 1066 821; x_wconf 82' lang='lat' dir='ltr'><strong>decuriones</strong></span> <span class='ocrx_word' id='word_1_30' title='bbox 1087 752 1225 841; x_wconf 72' lang='lat' dir='ltr'><strong>huiuslce</strong></span> <span class='ocrx_word' id='word_1_31' title='bbox 1247 756 1382 818; x_wconf 87' lang='lat' dir='ltr'><strong>coioniae</strong></span> <span class='ocrx_word' id='word_1_32' title='bbox 1397 756 1448 818; x_wconf 90' lang='lat' dir='ltr'><strong>de-</strong></span> 
     </span>
     <span class='ocr_line' id='line_1_5' title="bbox 170 855 1449 942; baseline -0.001 -22"><span class='ocrx_word' id='word_1_33' title='bbox 170 858 332 934; x_wconf 79' lang='lat' dir='ltr'><strong>creverint,</strong></span> <span class='ocrx_word' id='word_1_34' title='bbox 355 861 379 922; x_wconf 90' lang='lat' dir='ltr'><strong>si</strong></span> <span class='ocrx_word' id='word_1_35' title='bbox 402 879 443 922; x_wconf 92' lang='lat' dir='ltr'><strong>m.</strong></span> <span class='ocrx_word' id='word_1_36' title='bbox 466 855 534 942; x_wconf 82' lang='lat' dir='ltr'><strong>p.¹⁴³</strong></span> <span class='ocrx_word' id='word_1_37' title='bbox 555 860 752 923; x_wconf 87' lang='lat' dir='ltr'><strong>decurionum</strong></span> <span class='ocrx_word' id='word_1_38' title='bbox 772 865 778 938; x_wconf 94' lang='grc' dir='ltr'>Ι</span> <span class='ocrx_word' id='word_1_39' title='bbox 802 862 938 936; x_wconf 73' lang='lat' dir='ltr'><strong>atinent,</strong></span> <span class='ocrx_word' id='word_1_40' title='bbox 969 879 1037 923; x_wconf 91' lang='lat' dir='ltr'><strong>cum</strong></span> <span class='ocrx_word' id='word_1_41' title='bbox 1059 880 1085 922; x_wconf 89' lang='lat' dir='ltr'><strong>e.</strong></span> <span class='ocrx_word' id='word_1_42' title='bbox 1108 857 1157 920; x_wconf 81' lang='lat' dir='ltr'><strong>r.⁴⁸</strong></span> <span class='ocrx_word' id='word_1_43' title='bbox 1179 859 1362 930; x_wconf 86' lang='lat' dir='ltr'><strong>consuletur,</strong></span> <span class='ocrx_word' id='word_1_44' title='bbox 1385 876 1449 920; x_wconf 87' lang='lat' dir='ltr'><strong>eam</strong></span> 
     </span>
     <span class='ocr_line' id='line_1_6' title="bbox 169 959 1451 1046; baseline 0 -24"><span class='ocrx_word' id='word_1_45' title='bbox 169 961 367 1024; x_wconf 86' lang='lat' dir='ltr'><strong>munitionem</strong></span> <span class='ocrx_word' id='word_1_46' title='bbox 387 968 392 1045; x_wconf 99' lang='grc' dir='ltr'>Ι</span> <span class='ocrx_word' id='word_1_47' title='bbox 412 963 477 1024; x_wconf 88' lang='lat' dir='ltr'><strong>deri</strong></span> <span class='ocrx_word' id='word_1_48' title='bbox 499 963 597 1036; x_wconf 88' lang='lat' dir='ltr'><strong>liceto,</strong></span> <span class='ocrx_word' id='word_1_49' title='bbox 620 963 689 1025; x_wconf 92' lang='lat' dir='ltr'><strong>dum</strong></span> <span class='ocrx_word' id='word_1_50' title='bbox 711 983 750 1025; x_wconf 91' lang='lat' dir='ltr'><strong>ne</strong></span> <span class='ocrx_word' id='word_1_51' title='bbox 764 964 892 1044; x_wconf 89' lang='lat' dir='ltr'><strong>amplius</strong></span> <span class='ocrx_word' id='word_1_52' title='bbox 914 964 945 1025; x_wconf 89' lang='lat' dir='ltr'><strong>in</strong></span> <span class='ocrx_word' id='word_1_53' title='bbox 967 982 1063 1026; x_wconf 85' lang='lat' dir='ltr'><strong>annos</strong></span> <span class='ocrx_word' id='word_1_54' title='bbox 1086 963 1163 1043; x_wconf 81' lang='lat' dir='ltr'><strong>sing.</strong></span> <span class='ocrx_word' id='word_1_55' title='bbox 1186 959 1292 1046; x_wconf 64' lang='lat' dir='ltr'><strong>inique</strong></span> <span class='ocrx_word' id='word_1_56' title='bbox 1314 961 1451 1023; x_wconf 86' lang='lat' dir='ltr'><strong>homines</strong></span> 
     </span>
     <span class='ocr_line' id='line_1_7' title="bbox 169 1061 1450 1149; baseline 0 -25"><span class='ocrx_word' id='word_1_57' title='bbox 169 1064 305 1143; x_wconf 75' lang='lat' dir='ltr'><strong>singulos</strong></span> <span class='ocrx_word' id='word_1_58' title='bbox 337 1064 468 1145; x_wconf 84' lang='lat' dir='ltr'><strong>puberes</strong></span> <span class='ocrx_word' id='word_1_59' title='bbox 500 1083 607 1145; x_wconf 89' lang='lat' dir='ltr'><strong>operas</strong></span> <span class='ocrx_word' id='word_1_60' title='bbox 639 1065 745 1146; x_wconf 89' lang='lat' dir='ltr'><strong>quinas</strong></span> <span class='ocrx_word' id='word_1_61' title='bbox 778 1076 807 1128; x_wconf 91' lang='lat' dir='ltr'><strong>et</strong></span> <span class='ocrx_word' id='word_1_62' title='bbox 837 1063 841 1148; x_wconf 92' lang='grc' dir='ltr'>Ι</span> <span class='ocrx_word' id='word_1_63' title='bbox 871 1067 902 1128; x_wconf 91' lang='lat' dir='ltr'><strong>in</strong></span> <span class='ocrx_word' id='word_1_64' title='bbox 936 1062 1086 1149; x_wconf 86' lang='lat' dir='ltr'><strong>(iumenta</strong></span> <span class='ocrx_word' id='word_1_65' title='bbox 1114 1061 1349 1146; x_wconf 83' lang='lat' dir='ltr'><strong>plaustraria&gt;¹⁴⁴</strong></span> <span class='ocrx_word' id='word_1_66' title='bbox 1383 1064 1450 1144; x_wconf 84' lang='lat' dir='ltr'><strong>iuga</strong></span> 
     </span>
     <span class='ocr_line' id='line_1_8' title="bbox 170 1163 1450 1252; baseline 0 -25"><span class='ocrx_word' id='word_1_67' title='bbox 170 1164 248 1246; x_wconf 78' lang='lat' dir='ltr'><strong>sing.</strong></span> <span class='ocrx_word' id='word_1_68' title='bbox 270 1185 375 1249; x_wconf 85' lang='lat' dir='ltr'><strong>operas</strong></span> <span class='ocrx_word' id='word_1_69' title='bbox 398 1163 512 1252; x_wconf 67' lang='lat' dir='ltr'><strong>terinos</strong></span> <span class='ocrx_word' id='word_1_70' title='bbox 533 1167 706 1230; x_wconf 87' lang='lat' dir='ltr'><strong>decernant.</strong></span> <span class='ocrx_word' id='word_1_71' title='bbox 750 1168 845 1248; x_wconf 84' lang='lat' dir='ltr'><strong>Eique</strong></span> <span class='ocrx_word' id='word_1_72' title='bbox 869 1169 1028 1231; x_wconf 90' lang='lat' dir='ltr'><strong>munitioni</strong></span> <span class='ocrx_word' id='word_1_73' title='bbox 1050 1168 1114 1229; x_wconf 87' lang='lat' dir='ltr'><strong>aed.</strong></span> <span class='ocrx_word' id='word_1_74' title='bbox 1130 1167 1259 1247; x_wconf 89' lang='lat' dir='ltr'><strong>quitum</strong></span> <span class='ocrx_word' id='word_1_75' title='bbox 1279 1163 1284 1250; x_wconf 94' lang='grc' dir='ltr'>Ι</span> <span class='ocrx_word' id='word_1_76' title='bbox 1304 1176 1394 1230; x_wconf 90' lang='lat' dir='ltr'><strong>erunt</strong></span> <span class='ocrx_word' id='word_1_77' title='bbox 1415 1185 1450 1228; x_wconf 83' lang='lat' dir='ltr'><strong>ex</strong></span> 
     </span>
     <span class='ocr_line' id='line_1_9' title="bbox 169 1267 1450 1354; baseline 0.001 -26"><span class='ocrx_word' id='word_1_78' title='bbox 169 1268 199 1328; x_wconf 93' lang='lat' dir='ltr'><strong>d.</strong></span> <span class='ocrx_word' id='word_1_79' title='bbox 214 1267 267 1330; x_wconf 86' lang='lat' dir='ltr'><strong>d.⁴⁴</strong></span> <span class='ocrx_word' id='word_1_80' title='bbox 282 1280 454 1350; x_wconf 89' lang='lat' dir='ltr'><strong>praesunto.</strong></span> <span class='ocrx_word' id='word_1_81' title='bbox 499 1270 546 1331; x_wconf 88' lang='lat' dir='ltr'><strong>Uti</strong></span> <span class='ocrx_word' id='word_1_82' title='bbox 562 1271 716 1333; x_wconf 87' lang='lat' dir='ltr'><strong>decurion.</strong></span> <span class='ocrx_word' id='word_1_83' title='bbox 738 1269 935 1354; x_wconf 68' lang='lat' dir='ltr'><strong>censulerint,</strong></span> <span class='ocrx_word' id='word_1_84' title='bbox 957 1272 996 1332; x_wconf 87' lang='lat' dir='ltr'><strong>ita</strong></span> <span class='ocrx_word' id='word_1_85' title='bbox 1012 1271 1207 1333; x_wconf 88' lang='lat' dir='ltr'><strong>muniendum</strong></span> <span class='ocrx_word' id='word_1_86' title='bbox 1223 1277 1358 1343; x_wconf 85' lang='lat' dir='ltr'><strong>curante,</strong></span> <span class='ocrx_word' id='word_1_87' title='bbox 1380 1268 1450 1330; x_wconf 91' lang='lat' dir='ltr'><strong>dum</strong></span> 
     </span>
     <span class='ocr_line' id='line_1_10' title="bbox 170 1367 1451 1456; baseline 0 -24"><span class='ocrx_word' id='word_1_88' title='bbox 170 1389 211 1432; x_wconf 91' lang='lat' dir='ltr'><strong>ne</strong></span> <span class='ocrx_word' id='word_1_89' title='bbox 233 1367 338 1456; x_wconf 68' lang='lat' dir='ltr'><strong>inivito</strong></span> <span class='ocrx_word' id='word_1_90' title='bbox 360 1373 425 1435; x_wconf 88' lang='lat' dir='ltr'><strong>eius</strong></span> <span class='ocrx_word' id='word_1_91' title='bbox 447 1391 538 1454; x_wconf 85' lang='lat' dir='ltr'><strong>opera</strong></span> <span class='ocrx_word' id='word_1_92' title='bbox 561 1374 705 1454; x_wconf 76' lang='lat' dir='ltr'><strong>exigatur,</strong></span> <span class='ocrx_word' id='word_1_93' title='bbox 734 1373 785 1453; x_wconf 92' lang='lat' dir='ltr'><strong>qui</strong></span> <span class='ocrx_word' id='word_1_94' title='bbox 814 1375 914 1435; x_wconf 89' lang='lat' dir='ltr'><strong>minor</strong></span> <span class='ocrx_word' id='word_1_95' title='bbox 935 1391 1041 1435; x_wconf 86' lang='lat' dir='ltr'><strong>annor.</strong></span> <span class='ocrx_word' id='word_1_96' title='bbox 1063 1371 1145 1434; x_wconf 87' lang='lat' dir='ltr'><strong>Xlill</strong></span> <span class='ocrx_word' id='word_1_97' title='bbox 1174 1371 1180 1455; x_wconf 96' lang='grc' dir='ltr'>Ι</span> <span class='ocrx_word' id='word_1_98' title='bbox 1210 1381 1261 1434; x_wconf 87' lang='lat' dir='ltr'><strong>aut</strong></span> <span class='ocrx_word' id='word_1_99' title='bbox 1283 1372 1377 1433; x_wconf 88' lang='lat' dir='ltr'><strong>maior</strong></span> <span class='ocrx_word' id='word_1_100' title='bbox 1397 1389 1451 1432; x_wconf 85' lang='lat' dir='ltr'><strong>an·</strong></span> 
     </span>
     <span class='ocr_line' id='line_1_11' title="bbox 171 1472 1450 1560; baseline 0 -27"><span class='ocrx_word' id='word_1_101' title='bbox 171 1491 240 1534; x_wconf 86' lang='lat' dir='ltr'><strong>nor.</strong></span> <span class='ocrx_word' id='word_1_102' title='bbox 255 1472 306 1536; x_wconf 91' lang='lat' dir='ltr'><strong>LX</strong></span> <span class='ocrx_word' id='word_1_103' title='bbox 329 1483 417 1537; x_wconf 84' lang='lat' dir='ltr'><strong>natus</strong></span> <span class='ocrx_word' id='word_1_104' title='bbox 440 1475 506 1536; x_wconf 89' lang='lat' dir='ltr'><strong>erit.</strong></span> <span class='ocrx_word' id='word_1_105' title='bbox 551 1475 608 1547; x_wconf 86' lang='lat' dir='ltr'><strong>Qui</strong></span> <span class='ocrx_word' id='word_1_106' title='bbox 632 1476 663 1537; x_wconf 91' lang='lat' dir='ltr'><strong>in</strong></span> <span class='ocrx_word' id='word_1_107' title='bbox 686 1494 719 1537; x_wconf 89' lang='lat' dir='ltr'><strong>ea</strong></span> <span class='ocrx_word' id='word_1_108' title='bbox 742 1476 839 1542; x_wconf 87' lang='lat' dir='ltr'><strong>coion.</strong></span> <span class='ocrx_word' id='word_1_109' title='bbox 872 1473 877 1560; x_wconf 89' lang='grc' dir='ltr'>Ι</span> <span class='ocrx_word' id='word_1_110' title='bbox 907 1477 1022 1538; x_wconf 81' lang='lat' dir='ltr'><strong>intrare</strong></span> <span class='ocrx_word' id='word_1_111' title='bbox 1051 1476 1114 1537; x_wconf 89' lang='lat' dir='ltr'><strong>eius</strong></span> <span class='ocrx_word' id='word_1_112' title='bbox 1141 1475 1239 1537; x_wconf 91' lang='lat' dir='ltr'><strong>colon.</strong></span> <span class='ocrx_word' id='word_1_113' title='bbox 1262 1474 1331 1536; x_wconf 88' lang='lat' dir='ltr'><strong>flnis</strong></span> <span class='ocrx_word' id='word_1_114' title='bbox 1356 1472 1450 1534; x_wconf 90' lang='lat' dir='ltr'><strong>domi·</strong></span> 
     </span>
     <span class='ocr_line' id='line_1_12' title="bbox 170 1571 1451 1660; baseline -0.001 -24"><span class='ocrx_word' id='word_1_115' title='bbox 170 1575 273 1637; x_wconf 92' lang='lat' dir='ltr'><strong>cilium</strong></span> <span class='ocrx_word' id='word_1_116' title='bbox 301 1575 501 1660; x_wconf 72' lang='lat' dir='ltr'><strong>praedilumve</strong></span> <span class='ocrx_word' id='word_1_117' title='bbox 527 1577 647 1641; x_wconf 88' lang='lat' dir='ltr'><strong>habebit</strong></span> <span class='ocrx_word' id='word_1_118' title='bbox 677 1596 775 1658; x_wconf 90' lang='lat' dir='ltr'><strong>neque</strong></span> <span class='ocrx_word' id='word_1_119' title='bbox 804 1579 868 1640; x_wconf 90' lang='lat' dir='ltr'><strong>eius</strong></span> <span class='ocrx_word' id='word_1_120' title='bbox 896 1580 995 1641; x_wconf 92' lang='lat' dir='ltr'><strong>colon.</strong></span> <span class='ocrx_word' id='word_1_121' title='bbox 1026 1575 1177 1640; x_wconf 67' lang='lat' dir='ltr'><strong>coion.¹¹⁵&#39;</strong></span> <span class='ocrx_word' id='word_1_122' title='bbox 1193 1577 1263 1649; x_wconf 89' lang='lat' dir='ltr'><strong>erit,</strong></span> <span class='ocrx_word' id='word_1_123' title='bbox 1291 1577 1316 1638; x_wconf 89' lang='lat' dir='ltr'><strong>is</strong></span> <span class='ocrx_word' id='word_1_124' title='bbox 1345 1571 1451 1660; x_wconf 63' lang='lat' dir='ltr'><strong>eildem</strong></span> 
     </span>
     <span class='ocr_line' id='line_1_13' title="bbox 172 1677 721 1760; baseline 0.007 -23"><span class='ocrx_word' id='word_1_125' title='bbox 172 1679 330 1740; x_wconf 88' lang='lat' dir='ltr'><strong>munitioni</strong></span> <span class='ocrx_word' id='word_1_126' title='bbox 355 1681 397 1742; x_wconf 89' lang='lat' dir='ltr'><strong>uti</strong></span> <span class='ocrx_word' id='word_1_127' title='bbox 421 1679 520 1742; x_wconf 89' lang='lat' dir='ltr'><strong>colon.</strong></span> <span class='ocrx_word' id='word_1_128' title='bbox 544 1691 668 1760; x_wconf 89' lang='lat' dir='ltr'><strong>parento</strong></span> <span class='ocrx_word' id='word_1_129' title='bbox 681 1677 721 1748; x_wconf 79' lang='lat'><strong>¹⁴⁶.</strong></span> 
     </span>
    </p>

    <p class='ocr_par' dir='ltr' id='par_1_4' title="bbox 169 1779 1451 2375">
     <span class='ocr_line' id='line_1_14' title="bbox 256 1779 1451 1865; baseline -0.002 -23"><span class='ocrx_word' id='word_1_130' title='bbox 256 1779 396 1845; x_wconf 83' lang='lat' dir='ltr'><strong>xcvtttt.</strong></span> <span class='ocrx_word' id='word_1_131' title='bbox 441 1782 525 1855; x_wconf 83' lang='lat' dir='ltr'><strong>Quae</strong></span> <span class='ocrx_word' id='word_1_132' title='bbox 547 1800 641 1862; x_wconf 91' lang='lat' dir='ltr'><strong>aquae</strong></span> <span class='ocrx_word' id='word_1_133' title='bbox 662 1781 800 1863; x_wconf 89' lang='lat' dir='ltr'><strong>publicae</strong></span> <span class='ocrx_word' id='word_1_134' title='bbox 826 1782 856 1844; x_wconf 90' lang='lat' dir='ltr'><strong>in</strong></span> <span class='ocrx_word' id='word_1_135' title='bbox 881 1781 991 1864; x_wconf 91' lang='lat' dir='ltr'><strong>oppido</strong></span> <span class='ocrx_word' id='word_1_136' title='bbox 1016 1782 1113 1844; x_wconf 87' lang='lat' dir='ltr'><strong>colon.</strong></span> <span class='ocrx_word' id='word_1_137' title='bbox 1137 1782 1212 1844; x_wconf 88' lang='lat' dir='ltr'><strong>Gen.</strong></span> <span class='ocrx_word' id='word_1_138' title='bbox 1228 1779 1241 1865; x_wconf 93' lang='grc' dir='ltr'>Ι</span> <span class='ocrx_word' id='word_1_139' title='bbox 1257 1781 1451 1852; x_wconf 82' lang='lat' dir='ltr'><strong>adducentur,</strong></span> 
     </span>
     <span class='ocr_line' id='line_1_15' title="bbox 169 1865 1451 1966; baseline -0.001 -23"><span class='ocrx_word' id='word_1_140' title='bbox 169 1865 254 1958; x_wconf 72' lang='grc'><strong>11111,</strong></span> <span class='ocrx_word' id='word_1_141' title='bbox 278 1883 413 1964; x_wconf 87' lang='lat' dir='ltr'><strong>quitum</strong></span> <span class='ocrx_word' id='word_1_142' title='bbox 437 1894 535 1957; x_wconf 86' lang='lat' dir='ltr'><strong>erunt,</strong></span> <span class='ocrx_word' id='word_1_143' title='bbox 558 1883 594 1945; x_wconf 89' lang='lat' dir='ltr'><strong>ad</strong></span> <span class='ocrx_word' id='word_1_144' title='bbox 616 1884 804 1958; x_wconf 87' lang='lat' dir='ltr'><strong>decuriones,</strong></span> <span class='ocrx_word' id='word_1_145' title='bbox 830 1882 835 1964; x_wconf 89' lang='grc' dir='ltr'>Ι</span> <span class='ocrx_word' id='word_1_146' title='bbox 861 1903 928 1946; x_wconf 90' lang='lat' dir='ltr'><strong>cum</strong></span> <span class='ocrx_word' id='word_1_147' title='bbox 951 1883 1026 1946; x_wconf 90' lang='lat' dir='ltr'><strong>duae</strong></span> <span class='ocrx_word' id='word_1_148' title='bbox 1050 1895 1149 1966; x_wconf 87' lang='lat' dir='ltr'><strong>partes</strong></span> <span class='ocrx_word' id='word_1_149' title='bbox 1170 1884 1307 1955; x_wconf 81' lang='lat' dir='ltr'><strong>aderunt,</strong></span> <span class='ocrx_word' id='word_1_150' title='bbox 1329 1882 1451 1954; x_wconf 81' lang='lat' dir='ltr'><strong>referto,</strong></span> 
     </span>
     <span class='ocr_line' id='line_1_16' title="bbox 170 1979 1447 2069; baseline -0.002 -23"><span class='ocrx_word' id='word_1_151' title='bbox 170 2002 229 2066; x_wconf 87' lang='lat' dir='ltr'><strong>per</strong></span> <span class='ocrx_word' id='word_1_152' title='bbox 250 2003 325 2065; x_wconf 92' lang='lat' dir='ltr'><strong>quos</strong></span> <span class='ocrx_word' id='word_1_153' title='bbox 347 2005 435 2066; x_wconf 84' lang='lat' dir='ltr'><strong>agros</strong></span> <span class='ocrx_word' id='word_1_154' title='bbox 460 1983 465 2069; x_wconf 91' lang='grc' dir='ltr'>Ι</span> <span class='ocrx_word' id='word_1_155' title='bbox 490 2005 596 2066; x_wconf 90' lang='lat' dir='ltr'><strong>aquam</strong></span> <span class='ocrx_word' id='word_1_156' title='bbox 619 1987 728 2048; x_wconf 86' lang='lat' dir='ltr'><strong>ducere</strong></span> <span class='ocrx_word' id='word_1_157' title='bbox 750 1987 846 2049; x_wconf 83' lang='lat' dir='ltr'><strong>liceat.</strong></span> <span class='ocrx_word' id='word_1_158' title='bbox 891 1986 956 2058; x_wconf 86' lang='lat' dir='ltr'><strong>Qua</strong></span> <span class='ocrx_word' id='word_1_159' title='bbox 979 1983 1115 2069; x_wconf 79' lang='lat' dir='ltr'><strong>p[or]s¹⁴⁷</strong></span> <span class='ocrx_word' id='word_1_160' title='bbox 1137 1986 1232 2048; x_wconf 86' lang='lat' dir='ltr'><strong>maior</strong></span> <span class='ocrx_word' id='word_1_161' title='bbox 1253 1982 1417 2055; x_wconf 90' lang='lat' dir='ltr'><strong>decurion.,</strong></span> <span class='ocrx_word' id='word_1_162' title='bbox 1442 1979 1447 2066; x_wconf 92' lang='grc' dir='ltr'>Ι</span> 
     </span>
     <span class='ocr_line' id='line_1_17' title="bbox 171 2086 1451 2170; baseline -0.002 -22"><span class='ocrx_word' id='word_1_163' title='bbox 171 2087 224 2166; x_wconf 90' lang='grc' dir='ltr'><strong>(Ιυὶ</strong></span> <span class='ocrx_word' id='word_1_164' title='bbox 246 2097 309 2150; x_wconf 91' lang='lat' dir='ltr'><strong>turn</strong></span> <span class='ocrx_word' id='word_1_165' title='bbox 331 2086 466 2162; x_wconf 88' lang='lat' dir='ltr'><strong>aderunt,</strong></span> <span class='ocrx_word' id='word_1_166' title='bbox 489 2089 556 2150; x_wconf 90' lang='lat' dir='ltr'><strong>duci</strong></span> <span class='ocrx_word' id='word_1_167' title='bbox 579 2089 775 2158; x_wconf 80' lang='lat' dir='ltr'><strong>decreverint.</strong></span> <span class='ocrx_word' id='word_1_168' title='bbox 798 2089 868 2150; x_wconf 89' lang='lat' dir='ltr'><strong>dum</strong></span> <span class='ocrx_word' id='word_1_169' title='bbox 893 2108 931 2151; x_wconf 90' lang='lat' dir='ltr'><strong>ne</strong></span> <span class='ocrx_word' id='word_1_170' title='bbox 951 2086 956 2170; x_wconf 89' lang='grc' dir='ltr'>Ι</span> <span class='ocrx_word' id='word_1_171' title='bbox 976 2107 1030 2168; x_wconf 90' lang='lat' dir='ltr'><strong>per</strong></span> <span class='ocrx_word' id='word_1_172' title='bbox 1052 2091 1075 2150; x_wconf 90' lang='lat' dir='ltr'><strong>it</strong></span> <span class='ocrx_word' id='word_1_173' title='bbox 1094 2089 1269 2160; x_wconf 85' lang='lat' dir='ltr'><strong>aedificium,</strong></span> <span class='ocrx_word' id='word_1_174' title='bbox 1293 2095 1367 2166; x_wconf 91' lang='lat' dir='ltr'><strong>quot</strong></span> <span class='ocrx_word' id='word_1_175' title='bbox 1391 2104 1451 2147; x_wconf 90' lang='lat' dir='ltr'><strong>nou</strong></span> 
     </span>
     <span class='ocr_line' id='line_1_18' title="bbox 172 2188 1451 2272; baseline -0.001 -22"><span class='ocrx_word' id='word_1_176' title='bbox 172 2189 237 2252; x_wconf 90' lang='lat' dir='ltr'><strong>eius</strong></span> <span class='ocrx_word' id='word_1_177' title='bbox 259 2190 302 2253; x_wconf 89' lang='lat' dir='ltr'><strong>rei</strong></span> <span class='ocrx_word' id='word_1_178' title='bbox 324 2210 411 2254; x_wconf 87' lang='lat' dir='ltr'><strong>eausa</strong></span> <span class='ocrx_word' id='word_1_179' title='bbox 434 2193 543 2253; x_wconf 82' lang='lat' dir='ltr'><strong>iactum</strong></span> <span class='ocrx_word' id='word_1_180' title='bbox 564 2188 569 2271; x_wconf 90' lang='grc' dir='ltr'>Ι</span> <span class='ocrx_word' id='word_1_181' title='bbox 588 2191 635 2265; x_wconf 87' lang='lat' dir='ltr'><strong>sit,</strong></span> <span class='ocrx_word' id='word_1_182' title='bbox 665 2210 740 2270; x_wconf 83' lang='lat' dir='ltr'><strong>aqua</strong></span> <span class='ocrx_word' id='word_1_183' title='bbox 762 2192 898 2263; x_wconf 84' lang='lat' dir='ltr'><strong>ducetur,</strong></span> <span class='ocrx_word' id='word_1_184' title='bbox 924 2211 979 2272; x_wconf 91' lang='lat' dir='ltr'><strong>per</strong></span> <span class='ocrx_word' id='word_1_185' title='bbox 1000 2211 1052 2254; x_wconf 87' lang='lat' dir='ltr'><strong>eos</strong></span> <span class='ocrx_word' id='word_1_186' title='bbox 1072 2210 1160 2272; x_wconf 80' lang='lat' dir='ltr'><strong>agros</strong></span> <span class='ocrx_word' id='word_1_187' title='bbox 1182 2208 1289 2271; x_wconf 89' lang='lat' dir='ltr'><strong>aquam</strong></span> <span class='ocrx_word' id='word_1_188' title='bbox 1310 2189 1419 2250; x_wconf 88' lang='lat' dir='ltr'><strong>ducere</strong></span> <span class='ocrx_word' id='word_1_189' title='bbox 1445 2197 1451 2269; x_wconf 94' lang='grc' dir='ltr'>Ι</span> 
     </span>
     <span class='ocr_line' id='line_1_19' title="bbox 172 2291 1298 2375; baseline -0.002 -21"><span class='ocrx_word' id='word_1_190' title='bbox 172 2294 193 2354; x_wconf 91' lang='grc'><strong>1.</strong></span> <span class='ocrx_word' id='word_1_191' title='bbox 215 2291 351 2374; x_wconf 81' lang='lat' dir='ltr'><strong>p.que¹⁴⁸</strong></span> <span class='ocrx_word' id='word_1_192' title='bbox 372 2305 447 2366; x_wconf 88' lang='lat' dir='ltr'><strong>esto,</strong></span> <span class='ocrx_word' id='word_1_193' title='bbox 469 2313 543 2356; x_wconf 89' lang='lat' dir='ltr'><strong>neve</strong></span> <span class='ocrx_word' id='word_1_194' title='bbox 567 2293 633 2374; x_wconf 91' lang='lat' dir='ltr'><strong>quis</strong></span> <span class='ocrx_word' id='word_1_195' title='bbox 654 2293 752 2366; x_wconf 81' lang='lat' dir='ltr'><strong>facito,</strong></span> <span class='ocrx_word' id='word_1_196' title='bbox 779 2311 840 2372; x_wconf 91' lang='lat' dir='ltr'><strong>quo</strong></span> <span class='ocrx_word' id='word_1_197' title='bbox 862 2293 961 2356; x_wconf 90' lang='lat' dir='ltr'><strong>minus</strong></span> <span class='ocrx_word' id='word_1_198' title='bbox 983 2294 1024 2355; x_wconf 88' lang='lat' dir='ltr'><strong>ita</strong></span> <span class='ocrx_word' id='word_1_199' title='bbox 1042 2291 1048 2375; x_wconf 90' lang='grc' dir='ltr'>Ι</span> <span class='ocrx_word' id='word_1_200' title='bbox 1067 2312 1143 2374; x_wconf 84' lang='lat' dir='ltr'><strong>equa</strong></span> <span class='ocrx_word' id='word_1_201' title='bbox 1164 2293 1298 2355; x_wconf 88' lang='lat' dir='ltr'><strong>ducatur.</strong></span> 
     </span>
    </p>

    <p class='ocr_par' dir='ltr' id='par_1_5' title="bbox 170 2390 1454 2992">
     <span class='ocr_line' id='line_1_20' title="bbox 258 2390 1452 2478; baseline -0.003 -21"><span class='ocrx_word' id='word_1_202' title='bbox 258 2395 290 2457; x_wconf 87' lang='lat' dir='ltr'><strong>C.</strong></span> <span class='ocrx_word' id='word_1_203' title='bbox 334 2396 366 2458; x_wconf 92' lang='lat' dir='ltr'><strong>Si</strong></span> <span class='ocrx_word' id='word_1_204' title='bbox 388 2397 454 2476; x_wconf 90' lang='lat' dir='ltr'><strong>quis</strong></span> <span class='ocrx_word' id='word_1_205' title='bbox 476 2394 615 2458; x_wconf 81' lang='lat' dir='ltr'><strong>colon.¹⁴⁵</strong></span> <span class='ocrx_word' id='word_1_206' title='bbox 642 2414 748 2475; x_wconf 86' lang='lat' dir='ltr'><strong>aquam</strong></span> <span class='ocrx_word' id='word_1_207' title='bbox 771 2395 801 2457; x_wconf 89' lang='lat' dir='ltr'><strong>in</strong></span> <span class='ocrx_word' id='word_1_208' title='bbox 825 2396 971 2476; x_wconf 87' lang='lat' dir='ltr'><strong>privatum</strong></span> <span class='ocrx_word' id='word_1_209' title='bbox 1003 2396 1143 2458; x_wconf 79' lang='lat' dir='ltr'><strong>caducam</strong></span> <span class='ocrx_word' id='word_1_210' title='bbox 1167 2390 1287 2478; x_wconf 73' lang='lat' dir='ltr'><strong>dulcere</strong></span> <span class='ocrx_word' id='word_1_211' title='bbox 1312 2394 1391 2456; x_wconf 84' lang='lat' dir='ltr'><strong>volet</strong></span> <span class='ocrx_word' id='word_1_212' title='bbox 1412 2393 1452 2455; x_wconf 92' lang='lat' dir='ltr'><strong>is·</strong></span> 
     </span>
     <span class='ocr_line' id='line_1_21' title="bbox 172 2483 1453 2581; baseline -0.002 -23"><span class='ocrx_word' id='word_1_213' title='bbox 172 2515 232 2577; x_wconf 91' lang='lat' dir='ltr'><strong>que</strong></span> <span class='ocrx_word' id='word_1_214' title='bbox 254 2507 284 2558; x_wconf 85' lang='lat' dir='ltr'><strong>at</strong></span> <span class='ocrx_word' id='word_1_215' title='bbox 303 2483 386 2560; x_wconf 75' lang='grc'><strong>11111.</strong></span> <span class='ocrx_word' id='word_1_216' title='bbox 413 2499 518 2560; x_wconf 79' lang='lat' dir='ltr'><strong>adierit</strong></span> <span class='ocrx_word' id='word_1_217' title='bbox 548 2495 806 2581; x_wconf 69' lang='lat' dir='ltr'><strong>postulabitlve¹⁴⁰,</strong></span> <span class='ocrx_word' id='word_1_218' title='bbox 842 2499 884 2559; x_wconf 89' lang='lat' dir='ltr'><strong>nti</strong></span> <span class='ocrx_word' id='word_1_219' title='bbox 918 2499 953 2560; x_wconf 91' lang='lat' dir='ltr'><strong>ad</strong></span> <span class='ocrx_word' id='word_1_220' title='bbox 986 2499 1140 2561; x_wconf 89' lang='lat' dir='ltr'><strong>decurion.</strong></span> <span class='ocrx_word' id='word_1_221' title='bbox 1173 2500 1298 2570; x_wconf 82' lang='lat' dir='ltr'><strong>reserat,</strong></span> <span class='ocrx_word' id='word_1_222' title='bbox 1331 2505 1395 2557; x_wconf 92' lang='lat' dir='ltr'><strong>tum</strong></span> <span class='ocrx_word' id='word_1_223' title='bbox 1428 2495 1453 2557; x_wconf 93' lang='lat' dir='ltr'><strong>is</strong></span> 
     </span>
     <span class='ocr_line' id='line_1_22' title="bbox 170 2583 1454 2683; baseline -0.002 -21"><span class='ocrx_word' id='word_1_224' title='bbox 170 2583 255 2676; x_wconf 70' lang='lat' dir='ltr'><strong>idcir,</strong></span> <span class='ocrx_word' id='word_1_225' title='bbox 277 2619 294 2662; x_wconf 89' lang='lat' dir='ltr'><strong>a</strong></span> <span class='ocrx_word' id='word_1_226' title='bbox 316 2619 375 2680; x_wconf 92' lang='lat' dir='ltr'><strong>quo</strong></span> <span class='ocrx_word' id='word_1_227' title='bbox 396 2597 401 2683; x_wconf 94' lang='grc' dir='ltr'>Ι</span> <span class='ocrx_word' id='word_1_228' title='bbox 420 2601 459 2661; x_wconf 90' lang='lat' dir='ltr'><strong>ita</strong></span> <span class='ocrx_word' id='word_1_229' title='bbox 481 2600 662 2680; x_wconf 85' lang='lat' dir='ltr'><strong>postulatum</strong></span> <span class='ocrx_word' id='word_1_230' title='bbox 685 2600 749 2672; x_wconf 81' lang='lat' dir='ltr'><strong>erit,</strong></span> <span class='ocrx_word' id='word_1_231' title='bbox 772 2600 809 2661; x_wconf 86' lang='lat' dir='ltr'><strong>ad</strong></span> <span class='ocrx_word' id='word_1_232' title='bbox 832 2601 1018 2675; x_wconf 85' lang='lat' dir='ltr'><strong>decuriones,</strong></span> <span class='ocrx_word' id='word_1_233' title='bbox 1042 2620 1109 2663; x_wconf 91' lang='lat' dir='ltr'><strong>cum</strong></span> <span class='ocrx_word' id='word_1_234' title='bbox 1134 2620 1195 2662; x_wconf 90' lang='lat' dir='ltr'><strong>non</strong></span> <span class='ocrx_word' id='word_1_235' title='bbox 1219 2599 1326 2682; x_wconf 77' lang='lat' dir='ltr'><strong>miluus</strong></span> <span class='ocrx_word' id='word_1_236' title='bbox 1348 2596 1454 2661; x_wconf 84' lang='lat' dir='ltr'>XXXX</span> 
     </span>
     <span class='ocr_line' id='line_1_23' title="bbox 171 2700 1453 2786; baseline 0 -22"><span class='ocrx_word' id='word_1_237' title='bbox 171 2702 310 2776; x_wconf 87' lang='lat' dir='ltr'><strong>aderunt,</strong></span> <span class='ocrx_word' id='word_1_238' title='bbox 333 2704 451 2766; x_wconf 81' lang='lat' dir='ltr'><strong>referto.</strong></span> <span class='ocrx_word' id='word_1_239' title='bbox 496 2702 528 2764; x_wconf 81' lang='lat' dir='ltr'><strong>si</strong></span> <span class='ocrx_word' id='word_1_240' title='bbox 549 2703 727 2765; x_wconf 85' lang='lat' dir='ltr'><strong>decuriones</strong></span> <span class='ocrx_word' id='word_1_241' title='bbox 749 2721 786 2764; x_wconf 90' lang='lat' dir='ltr'><strong>m.</strong></span> <span class='ocrx_word' id='word_1_242' title='bbox 803 2700 868 2783; x_wconf 80' lang='lat' dir='ltr'><strong>p.⁹⁰,</strong></span> <span class='ocrx_word' id='word_1_243' title='bbox 894 2704 945 2783; x_wconf 91' lang='lat' dir='ltr'><strong>qui</strong></span> <span class='ocrx_word' id='word_1_244' title='bbox 965 2700 970 2786; x_wconf 91' lang='grc' dir='ltr'>Ι</span> <span class='ocrx_word' id='word_1_245' title='bbox 992 2715 1051 2765; x_wconf 89' lang='lat' dir='ltr'><strong>tum</strong></span> <span class='ocrx_word' id='word_1_246' title='bbox 1069 2705 1220 2776; x_wconf 78' lang='lat' dir='ltr'><strong>atiuerint,</strong></span> <span class='ocrx_word' id='word_1_247' title='bbox 1243 2721 1348 2782; x_wconf 86' lang='lat' dir='ltr'><strong>aquam</strong></span> <span class='ocrx_word' id='word_1_248' title='bbox 1364 2703 1453 2764; x_wconf 91' lang='lat' dir='ltr'><strong>cadu-</strong></span> 
     </span>
     <span class='ocr_line' id='line_1_24' title="bbox 174 2803 1454 2886; baseline 0.001 -20"><span class='ocrx_word' id='word_1_249' title='bbox 174 2823 240 2867; x_wconf 85' lang='lat' dir='ltr'><strong>csm</strong></span> <span class='ocrx_word' id='word_1_250' title='bbox 269 2806 299 2867; x_wconf 89' lang='lat' dir='ltr'><strong>in</strong></span> <span class='ocrx_word' id='word_1_251' title='bbox 323 2807 468 2886; x_wconf 80' lang='lat' dir='ltr'><strong>privatum</strong></span> <span class='ocrx_word' id='word_1_252' title='bbox 491 2805 558 2867; x_wconf 91' lang='lat' dir='ltr'><strong>duci</strong></span> <span class='ocrx_word' id='word_1_253' title='bbox 589 2803 594 2886; x_wconf 91' lang='grc' dir='ltr'>Ι</span> <span class='ocrx_word' id='word_1_254' title='bbox 625 2805 807 2878; x_wconf 89' lang='lat' dir='ltr'><strong>censuerint,</strong></span> <span class='ocrx_word' id='word_1_255' title='bbox 838 2806 876 2868; x_wconf 85' lang='lat' dir='ltr'><strong>ita</strong></span> <span class='ocrx_word' id='word_1_256' title='bbox 900 2824 934 2867; x_wconf 90' lang='lat' dir='ltr'><strong>ea</strong></span> <span class='ocrx_word' id='word_1_257' title='bbox 957 2824 1032 2886; x_wconf 85' lang='lat' dir='ltr'><strong>aqua</strong></span> <span class='ocrx_word' id='word_1_258' title='bbox 1056 2816 1167 2880; x_wconf 91' lang='lat' dir='ltr'><strong>utatur,</strong></span> <span class='ocrx_word' id='word_1_259' title='bbox 1197 2815 1270 2886; x_wconf 92' lang='lat' dir='ltr'><strong>quot</strong></span> <span class='ocrx_word' id='word_1_260' title='bbox 1298 2805 1363 2868; x_wconf 89' lang='lat' dir='ltr'><strong>sine</strong></span> <span class='ocrx_word' id='word_1_261' title='bbox 1391 2806 1454 2886; x_wconf 90' lang='lat' dir='ltr'><strong>pri·</strong></span> 
     </span>
     <span class='ocr_line' id='line_1_25' title="bbox 177 2904 794 2992; baseline 0.003 -26"><span class='ocrx_word' id='word_1_262' title='bbox 177 2904 322 2992; x_wconf 65' lang='grc' dir='ltr'><strong>1.(Ιῑ1111*10</strong></span> <span class='ocrx_word' id='word_1_263' title='bbox 343 2908 451 2970; x_wconf 90' lang='lat' dir='ltr'><strong>iniuria</strong></span> <span class='ocrx_word' id='word_1_264' title='bbox 473 2909 533 2982; x_wconf 87' lang='lat' dir='ltr'><strong>flat,</strong></span> <span class='ocrx_word' id='word_1_265' title='bbox 555 2908 575 2969; x_wconf 90' lang='lat' dir='ltr'><strong>i.</strong></span> <span class='ocrx_word' id='word_1_266' title='bbox 598 2917 706 2988; x_wconf 89' lang='lat' dir='ltr'><strong>potest.</strong></span> <span class='ocrx_word' id='word_1_267' title='bbox 729 2905 794 2968; x_wconf 75' lang='lat' dir='ltr'><strong>e.¹⁶¹</strong></span> 
     </span>
    </p>

    <p class='ocr_par' dir='ltr' id='par_1_6' title="bbox 172 3005 1454 3484">
     <span class='ocr_line' id='line_1_26' title="bbox 261 3005 1452 3094; baseline -0.002 -22"><span class='ocrx_word' id='word_1_268' title='bbox 261 3009 307 3072; x_wconf 86' lang='lat' dir='ltr'><strong>ct.</strong></span> <span class='ocrx_word' id='word_1_269' title='bbox 351 3009 539 3091; x_wconf 82' lang='lat' dir='ltr'><strong>Quicumque</strong></span> <span class='ocrx_word' id='word_1_270' title='bbox 567 3010 686 3072; x_wconf 86' lang='lat' dir='ltr'><strong>comitia</strong></span> <span class='ocrx_word' id='word_1_271' title='bbox 713 3010 901 3090; x_wconf 83' lang='lat' dir='ltr'><strong>magistratus</strong></span> <span class='ocrx_word' id='word_1_272' title='bbox 910 3007 944 3041; x_wconf 75' lang='lat'><strong>¹⁶²</strong></span> <span class='ocrx_word' id='word_1_273' title='bbox 973 3011 1108 3072; x_wconf 86' lang='lat' dir='ltr'><strong>creandis</strong></span> <span class='ocrx_word' id='word_1_274' title='bbox 1135 3005 1341 3094; x_wconf 66' lang='lat' dir='ltr'><strong>subroganidis</strong></span> <span class='ocrx_word' id='word_1_275' title='bbox 1361 3009 1452 3071; x_wconf 89' lang='lat' dir='ltr'><strong>habe-</strong></span> 
     </span>
     <span class='ocr_line' id='line_1_27' title="bbox 173 3109 1453 3198; baseline -0.001 -24"><span class='ocrx_word' id='word_1_276' title='bbox 173 3111 232 3188; x_wconf 90' lang='lat' dir='ltr'><strong>bit,</strong></span> <span class='ocrx_word' id='word_1_277' title='bbox 261 3114 287 3176; x_wconf 91' lang='lat' dir='ltr'><strong>is</strong></span> <span class='ocrx_word' id='word_1_278' title='bbox 308 3133 346 3175; x_wconf 91' lang='lat' dir='ltr'><strong>ne</strong></span> <span class='ocrx_word' id='word_1_279' title='bbox 370 3109 472 3192; x_wconf 80' lang='lat' dir='ltr'><strong>qua²⁵³</strong></span> <span class='ocrx_word' id='word_1_280' title='bbox 501 3113 544 3175; x_wconf 90' lang='lat' dir='ltr'><strong>eis</strong></span> <span class='ocrx_word' id='word_1_281' title='bbox 571 3113 688 3175; x_wconf 87' lang='lat' dir='ltr'><strong>comitis</strong></span> <span class='ocrx_word' id='word_1_282' title='bbox 718 3131 772 3192; x_wconf 91' lang='lat' dir='ltr'><strong>pro</strong></span> <span class='ocrx_word' id='word_1_283' title='bbox 801 3111 881 3174; x_wconf 88' lang='lat' dir='ltr'><strong>tribu</strong></span> <span class='ocrx_word' id='word_1_284' title='bbox 909 3111 1048 3198; x_wconf 74' lang='lat' dir='ltr'><strong>scoilpito</strong></span> <span class='ocrx_word' id='word_1_285' title='bbox 1078 3130 1151 3175; x_wconf 82' lang='lat' dir='ltr'><strong>nere</strong></span> <span class='ocrx_word' id='word_1_286' title='bbox 1178 3113 1349 3174; x_wconf 85' lang='lat' dir='ltr'><strong>renuntiato</strong></span> <span class='ocrx_word' id='word_1_287' title='bbox 1380 3130 1453 3173; x_wconf 82' lang='lat' dir='ltr'><strong>neve</strong></span> 
     </span>
     <span class='ocr_line' id='line_1_28' title="bbox 173 3212 1452 3300; baseline -0.003 -22"><span class='ocrx_word' id='word_1_288' title='bbox 173 3215 340 3278; x_wconf 87' lang='lat' dir='ltr'><strong>renuntiari</strong></span> <span class='ocrx_word' id='word_1_289' title='bbox 361 3214 474 3288; x_wconf 91' lang='lat' dir='ltr'><strong>iubeto,</strong></span> <span class='ocrx_word' id='word_1_290' title='bbox 503 3214 509 3300; x_wconf 93' lang='grc' dir='ltr'>Ι</span> <span class='ocrx_word' id='word_1_291' title='bbox 540 3215 590 3296; x_wconf 94' lang='grc' dir='ltr'><strong>(Ιυὶ</strong></span> <span class='ocrx_word' id='word_1_292' title='bbox 614 3233 717 3276; x_wconf 90' lang='lat' dir='ltr'><strong>eorum</strong></span> <span class='ocrx_word' id='word_1_293' title='bbox 740 3212 860 3294; x_wconf 79' lang='lat' dir='ltr'><strong>quae¹⁵⁴</strong></span> <span class='ocrx_word' id='word_1_294' title='bbox 888 3233 974 3277; x_wconf 88' lang='lat' dir='ltr'><strong>causa</strong></span> <span class='ocrx_word' id='word_1_295' title='bbox 997 3215 1066 3289; x_wconf 86' lang='lat' dir='ltr'><strong>erit,</strong></span> <span class='ocrx_word' id='word_1_296' title='bbox 1096 3233 1172 3295; x_wconf 91' lang='lat' dir='ltr'><strong>quae</strong></span> <span class='ocrx_word' id='word_1_297' title='bbox 1194 3212 1301 3277; x_wconf 78' lang='lat' dir='ltr'><strong>tum¹⁵⁵</strong></span> <span class='ocrx_word' id='word_1_298' title='bbox 1326 3216 1356 3276; x_wconf 91' lang='lat' dir='ltr'><strong>h.</strong></span> <span class='ocrx_word' id='word_1_299' title='bbox 1379 3213 1399 3274; x_wconf 93' lang='grc'><strong>1.</strong></span> <span class='ocrx_word' id='word_1_300' title='bbox 1422 3214 1452 3275; x_wconf 93' lang='lat' dir='ltr'><strong>in</strong></span> 
     </span>
     <span class='ocr_line' id='line_1_29' title="bbox 172 3313 1454 3402; baseline -0.004 -21"><span class='ocrx_word' id='word_1_301' title='bbox 172 3318 274 3381; x_wconf 89' lang='lat' dir='ltr'><strong>colon.</strong></span> <span class='ocrx_word' id='word_1_302' title='bbox 293 3316 299 3402; x_wconf 92' lang='grc' dir='ltr'>Ι</span> <span class='ocrx_word' id='word_1_303' title='bbox 319 3318 511 3380; x_wconf 89' lang='lat' dir='ltr'><strong>decurionem</strong></span> <span class='ocrx_word' id='word_1_304' title='bbox 535 3317 684 3380; x_wconf 87' lang='lat' dir='ltr'><strong>nominari</strong></span> <span class='ocrx_word' id='word_1_305' title='bbox 705 3317 798 3380; x_wconf 86' lang='lat' dir='ltr'><strong>creari</strong></span> <span class='ocrx_word' id='word_1_306' title='bbox 821 3319 888 3379; x_wconf 85' lang='lat' dir='ltr'><strong>inve</strong></span> <span class='ocrx_word' id='word_1_307' title='bbox 903 3317 1116 3380; x_wconf 88' lang='lat' dir='ltr'><strong>decurionibus</strong></span> <span class='ocrx_word' id='word_1_308' title='bbox 1135 3313 1140 3400; x_wconf 93' lang='grc' dir='ltr'>Ι</span> <span class='ocrx_word' id='word_1_309' title='bbox 1160 3336 1301 3380; x_wconf 90' lang='lat' dir='ltr'><strong>essenon</strong></span> <span class='ocrx_word' id='word_1_310' title='bbox 1318 3325 1454 3397; x_wconf 83' lang='lat' dir='ltr'><strong>oporteat</strong></span> 
     </span>
     <span class='ocr_line' id='line_1_30' title="bbox 173 3421 354 3484; baseline -0.011 0"><span class='ocrx_word' id='word_1_311' title='bbox 173 3441 236 3484; x_wconf 89' lang='lat' dir='ltr'><strong>non</strong></span> <span class='ocrx_word' id='word_1_312' title='bbox 258 3421 354 3484; x_wconf 89' lang='lat' dir='ltr'><strong>liceat.</strong></span> 
     </span>
    </p>
   </div>
   <div class='ocr_carea' id='block_1_3' title="bbox 174 3505 1455 4115">
    <p class='ocr_par' dir='ltr' id='par_1_7' title="bbox 174 3505 1455 4115">
     <span class='ocr_line' id='line_1_31' title="bbox 260 3505 1453 3604; baseline -0.003 -20"><span class='ocrx_word' id='word_1_313' title='bbox 260 3522 319 3585; x_wconf 87' lang='lat' dir='ltr'><strong>Cli.</strong></span> <span class='ocrx_word' id='word_1_314' title='bbox 360 3505 432 3584; x_wconf 70' lang='lat' dir='ltr'><strong>lirin</strong></span> <span class='ocrx_word' id='word_1_315' title='bbox 459 3521 510 3601; x_wconf 90' lang='lat' dir='ltr'><strong>qui</strong></span> <span class='ocrx_word' id='word_1_316' title='bbox 540 3522 568 3583; x_wconf 93' lang='lat' dir='ltr'><strong>b.</strong></span> <span class='ocrx_word' id='word_1_317' title='bbox 591 3522 610 3583; x_wconf 93' lang='grc'><strong>1.</strong></span> <span class='ocrx_word' id='word_1_318' title='bbox 640 3531 763 3602; x_wconf 85' lang='lat' dir='ltr'><strong>quaeret</strong></span> <span class='ocrx_word' id='word_1_319' title='bbox 790 3518 889 3584; x_wconf 77' lang='lat' dir='ltr'><strong>iud.¹⁸⁶</strong></span> <span class='ocrx_word' id='word_1_320' title='bbox 916 3520 1082 3596; x_wconf 84' lang='lat' dir='ltr'><strong>exercebit,</strong></span> <span class='ocrx_word' id='word_1_321' title='bbox 1112 3519 1191 3601; x_wconf 90' lang='lat' dir='ltr'><strong>quod</strong></span> <span class='ocrx_word' id='word_1_322' title='bbox 1213 3520 1354 3583; x_wconf 91' lang='lat' dir='ltr'><strong>iudicium</strong></span> <span class='ocrx_word' id='word_1_323' title='bbox 1380 3517 1385 3604; x_wconf 91' lang='grc' dir='ltr'>Ι</span> <span class='ocrx_word' id='word_1_324' title='bbox 1411 3520 1453 3581; x_wconf 89' lang='lat' dir='ltr'><strong>uti</strong></span> 
     </span>
     <span class='ocr_line' id='line_1_32' title="bbox 174 3617 1454 3719; baseline -0.003 -32"><span class='ocrx_word' id='word_1_325' title='bbox 174 3645 236 3688; x_wconf 91' lang='lat' dir='ltr'><strong>uno</strong></span> <span class='ocrx_word' id='word_1_326' title='bbox 252 3625 300 3687; x_wconf 90' lang='lat' dir='ltr'><strong>die</strong></span> <span class='ocrx_word' id='word_1_327' title='bbox 318 3626 369 3686; x_wconf 87' lang='lat' dir='ltr'><strong>flat</strong></span> <span class='ocrx_word' id='word_1_328' title='bbox 391 3625 420 3686; x_wconf 91' lang='lat' dir='ltr'><strong>h.</strong></span> <span class='ocrx_word' id='word_1_329' title='bbox 438 3625 457 3686; x_wconf 92' lang='grc'><strong>1.</strong></span> <span class='ocrx_word' id='word_1_330' title='bbox 473 3618 706 3709; x_wconf 82' lang='lat' dir='ltr'><strong>praestitu[tn]m</strong></span> <span class='ocrx_word' id='word_1_331' title='bbox 718 3620 752 3654; x_wconf 78' lang='lat'><strong>¹⁵⁷</strong></span> <span class='ocrx_word' id='word_1_332' title='bbox 774 3643 834 3686; x_wconf 93' lang='lat' dir='ltr'><strong>non</strong></span> <span class='ocrx_word' id='word_1_333' title='bbox 859 3633 912 3699; x_wconf 89' lang='lat' dir='ltr'><strong>est,</strong></span> <span class='ocrx_word' id='word_1_334' title='bbox 935 3643 974 3686; x_wconf 92' lang='lat' dir='ltr'><strong>ne</strong></span> <span class='ocrx_word' id='word_1_335' title='bbox 997 3625 1063 3704; x_wconf 88' lang='lat' dir='ltr'><strong>quis</strong></span> <span class='ocrx_word' id='word_1_336' title='bbox 1082 3622 1088 3707; x_wconf 92' lang='grc' dir='ltr'>Ι</span> <span class='ocrx_word' id='word_1_337' title='bbox 1107 3641 1211 3686; x_wconf 86' lang='lat' dir='ltr'><strong>eorum</strong></span> <span class='ocrx_word' id='word_1_338' title='bbox 1234 3633 1302 3685; x_wconf 89' lang='lat' dir='ltr'><strong>ante</strong></span> <span class='ocrx_word' id='word_1_339' title='bbox 1325 3622 1353 3684; x_wconf 91' lang='lat' dir='ltr'><strong>b.</strong></span> <span class='ocrx_word' id='word_1_340' title='bbox 1370 3617 1410 3719; x_wconf 64' lang='lat' dir='ltr'><strong>[ss</strong></span> <span class='ocrx_word' id='word_1_341' title='bbox 1421 3620 1454 3653; x_wconf 75' lang='lat'><strong>¹⁶⁸</strong></span> 
     </span>
     <span class='ocr_line' id='line_1_33' title="bbox 175 3723 1455 3808; baseline -0.003 -18"><span class='ocrx_word' id='word_1_342' title='bbox 175 3746 249 3790; x_wconf 85' lang='lat' dir='ltr'><strong>neve</strong></span> <span class='ocrx_word' id='word_1_343' title='bbox 272 3736 341 3808; x_wconf 90' lang='lat' dir='ltr'><strong>post</strong></span> <span class='ocrx_word' id='word_1_344' title='bbox 361 3727 466 3788; x_wconf 88' lang='lat' dir='ltr'><strong>boram</strong></span> <span class='ocrx_word' id='word_1_345' title='bbox 487 3725 528 3786; x_wconf 84' lang='lat' dir='ltr'><strong>xt</strong></span> <span class='ocrx_word' id='word_1_346' title='bbox 550 3724 607 3787; x_wconf 88' lang='lat' dir='ltr'><strong>diei</strong></span> <span class='ocrx_word' id='word_1_347' title='bbox 631 3725 764 3807; x_wconf 85' lang='lat' dir='ltr'><strong>quaerito</strong></span> <span class='ocrx_word' id='word_1_348' title='bbox 789 3723 796 3807; x_wconf 93' lang='grc' dir='ltr'>Ι</span> <span class='ocrx_word' id='word_1_349' title='bbox 820 3743 894 3787; x_wconf 82' lang='lat' dir='ltr'><strong>neve</strong></span> <span class='ocrx_word' id='word_1_350' title='bbox 916 3727 1058 3789; x_wconf 87' lang='lat' dir='ltr'><strong>iudicium</strong></span> <span class='ocrx_word' id='word_1_351' title='bbox 1083 3733 1228 3792; x_wconf 87' lang='lat' dir='ltr'><strong>exerceto.</strong></span> <span class='ocrx_word' id='word_1_352' title='bbox 1273 3725 1361 3806; x_wconf 87' lang='lat' dir='ltr'><strong>isque</strong></span> <span class='ocrx_word' id='word_1_353' title='bbox 1383 3726 1455 3787; x_wconf 82' lang='lat' dir='ltr'><strong>lirin</strong></span> 
     </span>
     <span class='ocr_line' id='line_1_34' title="bbox 175 3824 1453 3912; baseline -0.001 -21"><span class='ocrx_word' id='word_1_354' title='bbox 175 3831 205 3891; x_wconf 93' lang='lat' dir='ltr'><strong>in</strong></span> <span class='ocrx_word' id='word_1_355' title='bbox 229 3829 339 3910; x_wconf 77' lang='lat' dir='ltr'><strong>singul.</strong></span> <span class='ocrx_word' id='word_1_356' title='bbox 370 3826 375 3912; x_wconf 94' lang='grc' dir='ltr'>Ι</span> <span class='ocrx_word' id='word_1_357' title='bbox 404 3838 601 3900; x_wconf 85' lang='lat' dir='ltr'><strong>accusatores,</strong></span> <span class='ocrx_word' id='word_1_358' title='bbox 624 3828 674 3908; x_wconf 90' lang='lat' dir='ltr'><strong>qui</strong></span> <span class='ocrx_word' id='word_1_359' title='bbox 698 3845 802 3890; x_wconf 86' lang='lat' dir='ltr'><strong>eorum</strong></span> <span class='ocrx_word' id='word_1_360' title='bbox 824 3826 939 3891; x_wconf 85' lang='lat' dir='ltr'><strong>delator</strong></span> <span class='ocrx_word' id='word_1_361' title='bbox 960 3829 1026 3904; x_wconf 86' lang='lat' dir='ltr'><strong>erit,</strong></span> <span class='ocrx_word' id='word_1_362' title='bbox 1049 3829 1076 3891; x_wconf 91' lang='lat' dir='ltr'><strong>ei</strong></span> <span class='ocrx_word' id='word_1_363' title='bbox 1098 3825 1166 3890; x_wconf 64' lang='grc' dir='ltr'><strong>11.ιω</strong></span> <span class='ocrx_word' id='word_1_364' title='bbox 1187 3827 1251 3902; x_wconf 88' lang='grc'><strong>1111,</strong></span> <span class='ocrx_word' id='word_1_365' title='bbox 1274 3828 1325 3908; x_wconf 91' lang='lat' dir='ltr'><strong>qui</strong></span> <span class='ocrx_word' id='word_1_366' title='bbox 1351 3824 1356 3910; x_wconf 94' lang='grc' dir='ltr'>Ι</span> <span class='ocrx_word' id='word_1_367' title='bbox 1383 3827 1453 3890; x_wconf 89' lang='lat' dir='ltr'><strong>sub-</strong></span> 
     </span>
     <span class='ocr_line' id='line_1_35' title="bbox 175 3927 1453 4015; baseline -0.001 -22"><span class='ocrx_word' id='word_1_368' title='bbox 175 3931 305 4014; x_wconf 87' lang='lat' dir='ltr'><strong>scriptor</strong></span> <span class='ocrx_word' id='word_1_369' title='bbox 327 3931 393 4004; x_wconf 88' lang='lat' dir='ltr'><strong>erit,</strong></span> <span class='ocrx_word' id='word_1_370' title='bbox 415 3931 444 3992; x_wconf 92' lang='lat' dir='ltr'><strong>b.</strong></span> <span class='ocrx_word' id='word_1_371' title='bbox 468 3929 494 3992; x_wconf 91' lang='grc'><strong>11</strong></span> <span class='ocrx_word' id='word_1_372' title='bbox 516 3930 672 3992; x_wconf 85' lang='lat' dir='ltr'><strong>accusandi</strong></span> <span class='ocrx_word' id='word_1_373' title='bbox 695 3927 842 4010; x_wconf 79' lang='lat' dir='ltr'><strong>potest.¹⁰⁰</strong></span> <span class='ocrx_word' id='word_1_374' title='bbox 863 3931 961 3992; x_wconf 80' lang='lat' dir='ltr'><strong>facito.</strong></span> <span class='ocrx_word' id='word_1_375' title='bbox 1007 3931 1038 3993; x_wconf 91' lang='lat' dir='ltr'><strong>Si</strong></span> <span class='ocrx_word' id='word_1_376' title='bbox 1058 3929 1063 4015; x_wconf 94' lang='grc' dir='ltr'>Ι</span> <span class='ocrx_word' id='word_1_377' title='bbox 1083 3931 1150 4009; x_wconf 90' lang='lat' dir='ltr'><strong>quis</strong></span> <span class='ocrx_word' id='word_1_378' title='bbox 1164 3940 1319 3992; x_wconf 82' lang='lat' dir='ltr'><strong>accusator</strong></span> <span class='ocrx_word' id='word_1_379' title='bbox 1339 3931 1376 3992; x_wconf 91' lang='lat' dir='ltr'><strong>de</strong></span> <span class='ocrx_word' id='word_1_380' title='bbox 1398 3949 1453 3992; x_wconf 91' lang='lat' dir='ltr'><strong>suo</strong></span> 
     </span>
     <span class='ocr_line' id='line_1_36' title="bbox 175 4028 1454 4115; baseline -0.002 -19"><span class='ocrx_word' id='word_1_381' title='bbox 175 4045 312 4114; x_wconf 88' lang='lat' dir='ltr'><strong>tempore</strong></span> <span class='ocrx_word' id='word_1_382' title='bbox 333 4032 417 4094; x_wconf 87' lang='lat' dir='ltr'><strong>alteri</strong></span> <span class='ocrx_word' id='word_1_383' title='bbox 439 4033 630 4105; x_wconf 89' lang='lat' dir='ltr'><strong>concesserit,</strong></span> <span class='ocrx_word' id='word_1_384' title='bbox 650 4028 655 4115; x_wconf 94' lang='grc' dir='ltr'>Ι</span> <span class='ocrx_word' id='word_1_385' title='bbox 675 4042 748 4111; x_wconf 90' lang='lat' dir='ltr'><strong>quot</strong></span> <span class='ocrx_word' id='word_1_386' title='bbox 771 4032 834 4095; x_wconf 91' lang='lat' dir='ltr'><strong>eius</strong></span> <span class='ocrx_word' id='word_1_387' title='bbox 856 4033 965 4112; x_wconf 89' lang='lat' dir='ltr'><strong>cuique</strong></span> <span class='ocrx_word' id='word_1_388' title='bbox 988 4051 1163 4096; x_wconf 89' lang='lat' dir='ltr'><strong>conoessum</strong></span> <span class='ocrx_word' id='word_1_389' title='bbox 1187 4033 1251 4114; x_wconf 87' lang='lat' dir='ltr'><strong>erit,</strong></span> <span class='ocrx_word' id='word_1_390' title='bbox 1275 4052 1311 4095; x_wconf 92' lang='lat' dir='ltr'><strong>eo</strong></span> <span class='ocrx_word' id='word_1_391' title='bbox 1328 4032 1454 4113; x_wconf 85' lang='lat' dir='ltr'><strong>amplius</strong></span> 
     </span>
    </p>
   </div>
   <div class='ocr_carea' id='block_1_4' title="bbox 174 4249 1455 4828">
    <p class='ocr_par' dir='ltr' id='par_1_8' title="bbox 174 4249 1455 4828">
     <span class='ocr_line' id='line_1_37' title="bbox 263 4249 1455 4319; baseline -0.004 -14"><span class='ocrx_word' id='word_1_392' title='bbox 263 4254 322 4317; x_wconf 83' lang='grc'><strong>1411)</strong></span> <span class='ocrx_word' id='word_1_393' title='bbox 339 4251 430 4304; x_wconf 67' lang='lat' dir='ltr'><strong>nato</strong></span> <span class='ocrx_word' id='word_1_394' title='bbox 444 4267 512 4319; x_wconf 77' lang='lat' dir='ltr'><strong>pars</strong></span> <span class='ocrx_word' id='word_1_395' title='bbox 529 4254 602 4319; x_wconf 79' lang='lat' dir='ltr'><strong>(poet</strong></span> <span class='ocrx_word' id='word_1_396' title='bbox 619 4265 652 4306; x_wconf 83' lang='lat' dir='ltr'><strong>nn.</strong></span> <span class='ocrx_word' id='word_1_397' title='bbox 664 4267 689 4319; x_wconf 92' lang='lat' dir='ltr'><strong>p.</strong></span> <span class='ocrx_word' id='word_1_398' title='bbox 708 4250 778 4302; x_wconf 83' lang='lat' dir='ltr'><strong>dune</strong></span> <span class='ocrx_word' id='word_1_399' title='bbox 788 4251 895 4302; x_wconf 78' lang='lat' dir='ltr'><strong>litterae</strong></span> <span class='ocrx_word' id='word_1_400' title='bbox 907 4266 1008 4314; x_wconf 67' lang='lat' dir='ltr'><strong>mune,</strong></span> <span class='ocrx_word' id='word_1_401' title='bbox 1026 4249 1143 4312; x_wconf 79' lang='lat' dir='ltr'><strong>sertam</strong></span> <span class='ocrx_word' id='word_1_402' title='bbox 1153 4251 1178 4304; x_wconf 93' lang='lat' dir='ltr'><strong>d.</strong></span> <span class='ocrx_word' id='word_1_403' title='bbox 1190 4250 1239 4319; x_wconf 79' lang='grc'><strong>5.).</strong></span> <span class='ocrx_word' id='word_1_404' title='bbox 1250 4279 1284 4290; x_wconf 93' lang='grc'>-</span> <span class='ocrx_word' id='word_1_405' title='bbox 1304 4251 1362 4314; x_wconf 87' lang='grc'><strong>144)</strong></span> <span class='ocrx_word' id='word_1_406' title='bbox 1380 4249 1455 4314; x_wconf 76' lang='lat' dir='ltr'><strong>Quae</strong></span> 
     </span>
     <span class='ocr_line' id='line_1_38' title="bbox 176 4333 1454 4406; baseline -0.002 -16"><span class='ocrx_word' id='word_1_407' title='bbox 176 4341 255 4390; x_wconf 65' lang='lat' dir='ltr'><strong>enm</strong></span> <span class='ocrx_word' id='word_1_408' title='bbox 270 4337 309 4406; x_wconf 88' lang='lat'><strong>&lt;&gt;</strong></span> <span class='ocrx_word' id='word_1_409' title='bbox 326 4337 432 4400; x_wconf 75' lang='lat' dir='ltr'><strong>inclusi,</strong></span> <span class='ocrx_word' id='word_1_410' title='bbox 450 4339 572 4388; x_wconf 77' lang='lat' dir='ltr'><strong>insiticia</strong></span> <span class='ocrx_word' id='word_1_411' title='bbox 590 4340 706 4403; x_wconf 80' lang='lat' dir='ltr'><strong>apparet</strong></span> <span class='ocrx_word' id='word_1_412' title='bbox 721 4352 776 4387; x_wconf 83' lang='lat' dir='ltr'><strong>me</strong></span> <span class='ocrx_word' id='word_1_413' title='bbox 788 4333 839 4402; x_wconf 73' lang='lat' dir='ltr'><strong>(cs.</strong></span> <span class='ocrx_word' id='word_1_414' title='bbox 850 4340 908 4388; x_wconf 81' lang='lat' dir='ltr'><strong>not.</strong></span> <span class='ocrx_word' id='word_1_415' title='bbox 919 4336 987 4406; x_wconf 78' lang='grc'><strong>190).</strong></span> <span class='ocrx_word' id='word_1_416' title='bbox 999 4365 1034 4376; x_wconf 98' lang='grc'>-</span> <span class='ocrx_word' id='word_1_417' title='bbox 1056 4338 1113 4398; x_wconf 91' lang='grc'><strong>145)</strong></span> <span class='ocrx_word' id='word_1_418' title='bbox 1132 4335 1253 4389; x_wconf 72' lang='lat' dir='ltr'><strong>coenus.</strong></span> <span class='ocrx_word' id='word_1_419' title='bbox 1265 4363 1300 4374; x_wconf 91' lang='lat'>-</span> <span class='ocrx_word' id='word_1_420' title='bbox 1319 4337 1378 4401; x_wconf 87' lang='grc'><strong>146)</strong></span> <span class='ocrx_word' id='word_1_421' title='bbox 1395 4334 1454 4387; x_wconf 79' lang='lat' dir='ltr'><strong>Scr.</strong></span> 
     </span>
     <span class='ocr_line' id='line_1_39' title="bbox 176 4419 1454 4490; baseline 0.001 -17"><span class='ocrx_word' id='word_1_422' title='bbox 176 4427 318 4490; x_wconf 75' lang='lat' dir='ltr'><strong>percim-</strong></span> <span class='ocrx_word' id='word_1_423' title='bbox 338 4423 397 4486; x_wconf 88' lang='grc'><strong>141)</strong></span> <span class='ocrx_word' id='word_1_424' title='bbox 414 4419 457 4473; x_wconf 85' lang='lat' dir='ltr'><strong>PR</strong></span> <span class='ocrx_word' id='word_1_425' title='bbox 467 4459 475 4474; x_wconf 90' lang='lat'><strong>.</strong></span> <span class='ocrx_word' id='word_1_426' title='bbox 485 4462 492 4475; x_wconf 91' lang='lat'><strong>.</strong></span> <span class='ocrx_word' id='word_1_427' title='bbox 502 4458 509 4474; x_wconf 99' lang='lat'><strong>.</strong></span> <span class='ocrx_word' id='word_1_428' title='bbox 519 4419 554 4476; x_wconf 92' lang='lat' dir='ltr'><strong>.S</strong></span> <span class='ocrx_word' id='word_1_429' title='bbox 572 4422 681 4473; x_wconf 79' lang='lat' dir='ltr'><strong>videtur</strong></span> <span class='ocrx_word' id='word_1_430' title='bbox 698 4436 752 4472; x_wconf 80' lang='lat' dir='ltr'><strong>aare</strong></span> <span class='ocrx_word' id='word_1_431' title='bbox 769 4422 799 4470; x_wconf 79' lang='lat' dir='ltr'><strong>ia</strong></span> <span class='ocrx_word' id='word_1_432' title='bbox 811 4437 924 4473; x_wconf 65' lang='grc' dir='ltr'><strong>(11η.-</strong></span> <span class='ocrx_word' id='word_1_433' title='bbox 943 4424 1004 4486; x_wconf 84' lang='grc'><strong>148)</strong></span> <span class='ocrx_word' id='word_1_434' title='bbox 1020 4423 1304 4489; x_wconf 66' lang='lat' dir='ltr'><strong>imponaturque·</strong></span> <span class='ocrx_word' id='word_1_435' title='bbox 1323 4421 1383 4485; x_wconf 80' lang='grc'><strong>141)</strong></span> <span class='ocrx_word' id='word_1_436' title='bbox 1396 4419 1454 4474; x_wconf 84' lang='lat' dir='ltr'><strong>Ser.</strong></span> 
     </span>
     <span class='ocr_line' id='line_1_40' title="bbox 176 4505 1454 4574; baseline -0.001 -16"><span class='ocrx_word' id='word_1_437' title='bbox 176 4505 378 4573; x_wconf 79' lang='lat' dir='ltr'><strong>postulabitque.</strong></span> <span class='ocrx_word' id='word_1_438' title='bbox 389 4534 424 4546; x_wconf 90' lang='lat'><em>-</em></span> <span class='ocrx_word' id='word_1_439' title='bbox 443 4508 503 4573; x_wconf 85' lang='grc'><strong>150)</strong></span> <span class='ocrx_word' id='word_1_440' title='bbox 520 4505 580 4560; x_wconf 84' lang='lat' dir='ltr'><strong>Ser.</strong></span> <span class='ocrx_word' id='word_1_441' title='bbox 598 4505 699 4574; x_wconf 81' lang='lat' dir='ltr'><strong>privati.</strong></span> <span class='ocrx_word' id='word_1_442' title='bbox 710 4535 744 4546; x_wconf 94' lang='lat'><em>-</em></span> <span class='ocrx_word' id='word_1_443' title='bbox 764 4507 823 4570; x_wconf 89' lang='grc'><strong>151)</strong></span> <span class='ocrx_word' id='word_1_444' title='bbox 840 4506 886 4557; x_wconf 78' lang='lat' dir='ltr'><strong>Ius</strong></span> <span class='ocrx_word' id='word_1_445' title='bbox 900 4510 1070 4573; x_wconf 77' lang='lat' dir='ltr'><strong>potestasque</strong></span> <span class='ocrx_word' id='word_1_446' title='bbox 1087 4511 1151 4560; x_wconf 76' lang='lat' dir='ltr'><strong>esto.</strong></span> <span class='ocrx_word' id='word_1_447' title='bbox 1168 4535 1203 4545; x_wconf 92' lang='lat'>-</span> <span class='ocrx_word' id='word_1_448' title='bbox 1222 4508 1280 4571; x_wconf 83' lang='grc'><strong>151)</strong></span> <span class='ocrx_word' id='word_1_449' title='bbox 1299 4506 1357 4558; x_wconf 79' lang='lat' dir='ltr'><strong>Ser.</strong></span> <span class='ocrx_word' id='word_1_450' title='bbox 1375 4506 1454 4572; x_wconf 72' lang='lat' dir='ltr'><strong>tnagi-</strong></span> 
     </span>
     <span class='ocr_line' id='line_1_41' title="bbox 177 4588 1454 4660; baseline -0.001 -17"><span class='ocrx_word' id='word_1_451' title='bbox 177 4591 309 4644; x_wconf 78' lang='lat' dir='ltr'><strong>stntibus.</strong></span> <span class='ocrx_word' id='word_1_452' title='bbox 325 4619 360 4630; x_wconf 88' lang='lat'>—</span> <span class='ocrx_word' id='word_1_453' title='bbox 380 4593 439 4656; x_wconf 78' lang='grc'><strong>155)</strong></span> <span class='ocrx_word' id='word_1_454' title='bbox 457 4590 517 4645; x_wconf 84' lang='lat' dir='ltr'><strong>Ser.</strong></span> <span class='ocrx_word' id='word_1_455' title='bbox 528 4605 612 4659; x_wconf 82' lang='lat' dir='ltr'><strong>quem.</strong></span> <span class='ocrx_word' id='word_1_456' title='bbox 630 4619 664 4629; x_wconf 97' lang='lat'>-</span> <span class='ocrx_word' id='word_1_457' title='bbox 683 4593 742 4655; x_wconf 87' lang='grc'><strong>154)</strong></span> <span class='ocrx_word' id='word_1_458' title='bbox 759 4589 817 4642; x_wconf 79' lang='lat' dir='ltr'><strong>Ser.</strong></span> <span class='ocrx_word' id='word_1_459' title='bbox 836 4591 862 4642; x_wconf 90' lang='lat' dir='ltr'><strong>in</strong></span> <span class='ocrx_word' id='word_1_460' title='bbox 875 4605 961 4643; x_wconf 80' lang='lat' dir='ltr'><strong>esrum</strong></span> <span class='ocrx_word' id='word_1_461' title='bbox 975 4605 1024 4660; x_wconf 82' lang='lat' dir='ltr'><strong>que</strong></span> <span class='ocrx_word' id='word_1_462' title='bbox 1035 4588 1084 4658; x_wconf 73' lang='lat' dir='ltr'><strong>(cf.</strong></span> <span class='ocrx_word' id='word_1_463' title='bbox 1097 4591 1142 4643; x_wconf 75' lang='lat' dir='ltr'><strong>deo</strong></span> <span class='ocrx_word' id='word_1_464' title='bbox 1153 4591 1274 4645; x_wconf 64' lang='lat' dir='ltr'><strong>ualeret.</strong></span> <span class='ocrx_word' id='word_1_465' title='bbox 1286 4592 1408 4659; x_wconf 63' lang='grc'><strong>((11.51).</strong></span> <span class='ocrx_word' id='word_1_466' title='bbox 1420 4617 1454 4629; x_wconf 94' lang='grc'><strong>-</strong></span> 
     </span>
     <span class='ocr_line' id='line_1_42' title="bbox 179 4674 1454 4745; baseline -0.002 -15"><span class='ocrx_word' id='word_1_467' title='bbox 179 4678 239 4741; x_wconf 89' lang='grc'><strong>155)</strong></span> <span class='ocrx_word' id='word_1_468' title='bbox 254 4676 313 4730; x_wconf 79' lang='lat' dir='ltr'><strong>Ser.</strong></span> <span class='ocrx_word' id='word_1_469' title='bbox 331 4692 346 4729; x_wconf 85' lang='lat' dir='ltr'><strong>e</strong></span> <span class='ocrx_word' id='word_1_470' title='bbox 363 4691 413 4744; x_wconf 86' lang='lat' dir='ltr'><strong>qua</strong></span> <span class='ocrx_word' id='word_1_471' title='bbox 432 4691 499 4729; x_wconf 88' lang='lat' dir='ltr'><strong>enm.</strong></span> <span class='ocrx_word' id='word_1_472' title='bbox 511 4704 546 4714; x_wconf 92' lang='lat'>-</span> <span class='ocrx_word' id='word_1_473' title='bbox 566 4677 623 4741; x_wconf 88' lang='grc'><strong>156)</strong></span> <span class='ocrx_word' id='word_1_474' title='bbox 641 4674 841 4744; x_wconf 57' lang='lat' dir='ltr'><strong>Iudiciariae).</strong></span> <span class='ocrx_word' id='word_1_475' title='bbox 858 4704 893 4714; x_wconf 96' lang='lat'><em>-</em></span> <span class='ocrx_word' id='word_1_476' title='bbox 911 4677 972 4742; x_wconf 87' lang='grc'><strong>151)</strong></span> <span class='ocrx_word' id='word_1_477' title='bbox 989 4677 1141 4745; x_wconf 79' lang='lat' dir='ltr'><strong>praestitum</strong></span> <span class='ocrx_word' id='word_1_478' title='bbox 1159 4693 1212 4729; x_wconf 79' lang='lat' dir='ltr'><strong>aea.</strong></span> <span class='ocrx_word' id='word_1_479' title='bbox 1223 4705 1258 4716; x_wconf 97' lang='lat'><em>-</em></span> <span class='ocrx_word' id='word_1_480' title='bbox 1277 4676 1336 4740; x_wconf 80' lang='lat' dir='ltr'><strong>tas)</strong></span> <span class='ocrx_word' id='word_1_481' title='bbox 1353 4675 1454 4728; x_wconf 81' lang='lat' dir='ltr'><strong>Horam</strong></span> 
     </span>
     <span class='ocr_line' id='line_1_43' title="bbox 174 4760 1031 4828; baseline 0.004 -16"><span class='ocrx_word' id='word_1_482' title='bbox 174 4763 301 4828; x_wconf 75' lang='lat' dir='ltr'><strong>primum.</strong></span> <span class='ocrx_word' id='word_1_483' title='bbox 319 4761 354 4826; x_wconf 77' lang='lat' dir='ltr'><strong>(b.</strong></span> <span class='ocrx_word' id='word_1_484' title='bbox 372 4761 391 4816; x_wconf 82' lang='lat' dir='ltr'><strong>t</strong></span> <span class='ocrx_word' id='word_1_485' title='bbox 409 4765 475 4826; x_wconf 81' lang='lat' dir='ltr'><strong>aea).</strong></span> <span class='ocrx_word' id='word_1_486' title='bbox 491 4789 526 4800; x_wconf 89' lang='lat'><em>-</em></span> <span class='ocrx_word' id='word_1_487' title='bbox 545 4761 604 4824; x_wconf 77' lang='grc'><strong>159)</strong></span> <span class='ocrx_word' id='word_1_488' title='bbox 622 4760 717 4814; x_wconf 77' lang='lat' dir='ltr'><strong>Horae.</strong></span> <span class='ocrx_word' id='word_1_489' title='bbox 734 4789 768 4800; x_wconf 95' lang='lat'><em>-</em></span> <span class='ocrx_word' id='word_1_490' title='bbox 788 4763 846 4826; x_wconf 81' lang='grc'><strong>1511)</strong></span> <span class='ocrx_word' id='word_1_491' title='bbox 865 4761 1031 4815; x_wconf 80' lang='lat' dir='ltr'><strong>Potertoterrr.</strong></span> 
     </span>
    </p>
   </div>
   <div class='ocr_carea' id='block_1_5' title="bbox 0 0 1788 5378">
    <p class='ocr_par' dir='ltr' id='par_1_9' title="bbox 0 0 1788 5378">
     <span class='ocr_line' id='line_1_44' title="bbox 0 0 1788 5378; baseline 0 0"><span class='ocrx_word' id='word_1_492' title='bbox 0 0 1788 5378; x_wconf 95' lang='lat' dir='ltr'><strong> </strong></span> 
     </span>
    </p>
   </div>
  </div>
 </body>
</html>
