3556 5376
178 319 266 375 Tituli
284 335 398 391 opernm
414 319 590 389 locorumque
606 319 788 389 publicorum.
805 349 838 359 -
856 318 926 374 Viae
938 319 1121 375 suburbanae.
1139 318 1216 375 clivi.
1236 319 1339 388 campi.
1394 318 1455 378 359

264 489 350 562 5333
384 502 505 556 senatus
530 490 536 574 Ι
563 490 775 575 populusque}
801 490 975 574 Romanus!
1000 491 1128 574 clivom}
1155 492 1272 556 Mertis¹
1299 490 1304 578 Ι
1329 494 1456 574 pecunia

177 594 297 675 publiea
316 592 322 680 Ι
340 596 370 657 in
394 595 548 677 planitiam
568 591 574 677 Ι
592 595 787 674 redigendum
806 593 811 677 Ι
830 594 951 656 curatii.

263 694 363 748 Romae
380 695 445 747 oiim
462 696 499 747 ad
515 699 588 747 eiam
600 697 717 762 Appiam
734 699 814 746 amira
828 699 938 760 portam
956 693 984 748 S.
997 693 1150 746 Sallustiani
1155 732 1163 756 ,
1181 697 1236 745 iam
1253 695 1284 745 in
1301 709 1390 745 museo
1404 692 1457 746 Va·

178 783 269 831 lisono
287 779 339 848 (VI
355 780 421 833 mo
438 781 507 832 uidit
524 780 653 847 IIenzon).
675 807 710 816 -
738 781 762 843 1)
780 779 870 831 Clima
886 781 927 830 iio
945 777 1032 830 dietus
1054 782 1087 830 ob
1107 779 1170 830 aede
1187 777 1284 831 Mariis
1305 781 1358 828 aiio
1376 783 1455 830 exiro

173 869 283 930 pos-tom
296 864 442 932 Capenam,
460 869 536 917 euim
547 868 647 917 montio
659 863 693 927 fit
703 863 762 915 Lio.
775 863 814 926 Io,
823 865 867 917 23.
879 864 923 927 38,
931 865 967 916 28
979 868 1005 914 ei
1016 863 1094 929 alibi,
1111 865 1174 915 iiam
1190 867 1219 914 in
1232 863 1311 915 tilulo
1324 863 1365 916 VI
1372 863 1456 917 Inito

175 948 219 1014 (nd
237 947 328 1002 lienis
345 951 410 1002 inire
430 950 576 1003 milliarium
593 949 602 1000 l
620 957 647 1002 et
664 948 701 1012 ll).
738 948 779 1011 Cf.
795 965 877 1016 supra
898 948 933 1001 Ν.
948 951 1026 1002 didi.

265 1034 370 1086 lilinum
390 1034 563 1088 liburiinum
585 1039 614 1085 in
635 1033 777 1101 planitiem
799 1034 905 1100 redegit
924 1041 1032 1087 senalus
1053 1035 1220 1101 populusque
1237 1032 1373 1086 Romanus
1393 1037 1456 1084 iem-

174 1121 290 1186 poi-tom
307 1121 391 1172 mulio
405 1122 608 1188 posterioribus,
627 1124 692 1171 letio
710 1119 788 1172 tilulo
806 1135 883 1186 quom
900 1136 985 1188 supro
1002 1120 1123 1172 dedimus
1139 1116 1173 1173 Ν.
1185 1120 1244 1171 729.

264 1251 349 1323 5384
385 1255 422 1316 Μ.
439 1256 565 1318 Consius
588 1255 625 1316 bl.
648 1252 692 1337 Ι.Ι
718 1252 902 1330 Corinthus¹,
928 1253 933 1338 Ι
959 1273 1102 1316 aecensus
1124 1253 1259 1316 velatus.²
1283 1253 1288 1334 Ι
1313 1253 1457 1317 Immanis

175 1375 246 1418 eum
268 1358 352 1430 sim⁸,
378 1354 384 1438 Ι
409 1376 444 1418 ex
467 1357 617 1419 voluntate
640 1374 704 1418 mea
734 1353 739 1438 Ι
766 1365 796 1416 et
816 1355 949 1437 impensa
972 1375 1038 1418 mea
1060 1356 1066 1440 Ι
1091 1357 1196 1418 clivom
1218 1356 1305 1418 stravi
1331 1352 1336 1436 Ι
1361 1355 1457 1437 lapido

175 1458 212 1520 ab
235 1459 296 1520 imo
318 1477 420 1522 susum
439 1458 444 1543 Ι
471 1460 593 1539 longum
615 1458 706 1540 pedes
729 1457 866 1532 cccxi,
891 1455 897 1541 Ι
923 1459 1015 1520 latum
1038 1476 1104 1520 oum
1129 1457 1313 1538 marginibus
1336 1457 1340 1541 Ι
1367 1457 1457 1539 pedes

177 1560 274 1634 Vllll,
305 1562 339 1622 fit
361 1562 439 1642 quod
470 1560 475 1645 Ι
506 1561 593 1623 stravi
616 1561 695 1623 milia
717 1561 826 1641 pedum
857 1559 863 1641 Ι
892 1559 1096 1622 ooeoooLX⁴.
1126 1557 1271 1645 {lterum
1294 1560 1424 1622 eundem
1450 1557 1456 1644 Ι

176 1663 284 1724 clivom
307 1662 344 1724 ab
367 1662 427 1724 imo
449 1662 539 1726 levavi
569 1660 574 1745 Ι
605 1671 635 1723 et
656 1661 759 1724 clivom
783 1663 912 1724 medium
938 1661 944 1748 Ι
969 1663 1043 1742 lregi
1066 1672 1095 1724 et
1116 1662 1266 1743 depressi⁵
1291 1659 1297 1745 Ι
1323 1663 1456 1744 impensa

174 1782 243 1826 mea
265 1766 387 1844 regione
408 1767 413 1846 Ι
432 1765 678 1844 Ficulensi'pego
693 1763 818 1826 Ulmano
839 1761 844 1849 Ι
864 1775 894 1826 et
908 1765 1124 1827 Transulmano
1144 1770 1150 1845 Ι
1170 1765 1324 1827 Peleoiano
1341 1761 1456 1849 usque}
1537 1779 1539 1784 ’

174 1867 212 1928 ad
236 1867 336 1928 Martis
358 1876 387 1928 et
408 1868 494 1929 ultra.

262 1965 324 2019 Non
339 1967 437 2035 praeut
454 1969 487 2019 ab
504 1969 571 2018 urba
582 1965 666 2019 Iloma
684 1966 722 2017 ad
737 1967 809 2017 aiom
823 1963 1017 2018 Nomentanam
1035 1967 1065 2016 in
1079 1965 1195 2032 praedio
1213 1965 1238 2017 la
1253 1966 1394 2031 Cesarina,
1410 1967 1457 2015 ubi

173 2051 231 2114 Iasii
247 2053 370 2114 Ficulea,
389 2053 484 2103 deinde
496 2049 594 2103 Ilomao
613 2050 693 2119 (XIV
699 2052 765 2104 tols
783 2051 853 2102 uidit
864 2051 993 2117 Hannon).
1010 2079 1045 2089 —
1064 2053 1088 2115 1)
1106 2051 1179 2103 Idem
1196 2051 1274 2102 bomo
1291 2053 1458 2102 memoratur

174 2137 241 2189 XIV
250 2138 326 2191 tole.
344 2138 415 2189 iiiii.
432 2164 467 2174 -
489 2139 515 2200 2)
534 2135 576 2198 Cf.
594 2152 678 2202 supra
696 2135 731 2190 Ν.
743 2137 915 2191 teos-1957.
934 2165 968 2176 -
992 2138 1017 2200 3)
1036 2135 1178 2188 centuriae
1196 2150 1369 2187 oecononum
1386 2134 1457 2186 oela-

173 2227 267 2274 iorum
286 2228 374 2274 terias
390 2224 572 2274 immunitates
588 2219 673 2283 fuisse
690 2224 789 2273 snmus
806 2239 841 2273 en
857 2221 894 2284 fr.
913 2221 974 2274 Vae.
987 2222 1045 2274 let.
1084 2220 1173 2272 Talem
1191 2237 1244 2287 pas·
1260 2222 1457 2272 immunitatem

174 2323 236 2360 oum
255 2307 351 2359 Contio
365 2307 490 2359 omnino
508 2307 626 2358 lindesei
643 2308 771 2358 eaousari
787 2323 806 2357 a
822 2309 868 2357 oia
884 2306 1044 2370 munienda,
1062 2305 1237 2356 nibilominus
1253 2309 1347 2373 sponte
1365 2309 1392 2356 et
1407 2308 1456 2356 im-

171 2409 257 2460 pensa
274 2409 324 2444 aua
343 2393 440 2444 alinum
458 2395 529 2443 Isuno
545 2396 650 2445 sirunil.
667 2419 702 2430 -
717 2393 745 2456 4)
760 2393 878 2445 nio><9
889 2414 923 2434 -
934 2391 1009 2444 toto.
1026 2418 1060 2429 -
1078 2393 1103 2456 5)
1122 2390 1225 2443 Clioum
1243 2395 1324 2443 etiam
1343 2406 1457 2443 eommo-

173 2479 280 2530 diorsm
297 2478 416 2530 reddidit
432 2479 590 2542 meantibus,
607 2481 661 2528 ima
676 2483 759 2543 pario
775 2479 834 2527 aius
850 2481 879 2527 in
897 2476 984 2527 alium
1002 2476 1101 2540 lenum,
1124 2476 1211 2527 medio
1228 2481 1306 2542 paris
1323 2477 1456 2542 depromo.

262 2596 348 2668 5388
383 2599 416 2660 L.
433 2601 570 2664 Octavius
586 2601 619 2661 L.
635 2600 655 2660 4.
671 2598 795 2673 Vimine,
816 2596 820 2682 Ι
841 2599 872 2661 C.
889 2598 1010 2660 Ilustius
1026 2596 1056 2658 C.
1072 2599 1091 2659 4.
1108 2597 1211 2660 Flavos
1226 2599 1302 2672 iter,
1321 2599 1326 2683 Ι
1347 2597 1455 2672 llllvir,

173 2703 202 2763 d.
218 2721 246 2763 s.
260 2721 285 2763 s.
305 2701 310 2782 Ι
330 2701 404 2762 viam
426 2701 615 2779 integundam
635 2698 641 2783 Ι
661 2718 794 2763 curasan.

264 2799 361 2852 diburo
372 2803 402 2852 in
413 2800 556 2852 ruderibus
573 2803 683 2867 antiqui
694 2800 823 2864 aedificii,
841 2799 914 2866 quod
924 2799 989 2850 uilio
1002 2798 1166 2850 Maeomtoiis
1178 2799 1237 2866 (sed
1247 2798 1330 2864 fabo)
1342 2799 1454 2863 dieitur,

172 2889 229 2938 ian
248 2885 347 2938 Romae
365 2885 446 2954 (XIV
455 2885 523 2939 3647
538 2886 609 2937 aton
628 2887 750 2949 densam·
767 2884 869 2937 Ilitoobl
885 2886 937 2936 tob.
955 2882 1052 2936 LXXV
1058 2883 1097 2952 is).

261 2993 347 3092 5383
377 3026 415 3088 bl.
430 3026 570 3087 Avianius
585 3026 624 3087 ll.
639 3025 660 3085 4.
679 3025 685 3106 Ι
706 3024 890 3088 Coniunctus
913 3023 983 3085 llvir
1002 3020 1007 3104 Ι
1027 3023 1083 3086 iter
1098 3025 1179 3098 texit,
1202 3036 1232 3085 et
1253 3033 1363 3087 tontum
1386 3044 1409 3086 s.
1423 3043 1453 3105 p.

262 3125 390 3190 Puteolis,
406 3127 536 3190 coripimn
553 3127 584 3176 in
602 3127 689 3176 aliero
706 3130 784 3191 parto
802 3124 876 3175 tituli
891 3139 975 3191 supra
993 3121 1028 3176 Ν.
1039 3123 1106 3176 teti
1124 3123 1162 3191 (II
1177 3123 1242 3176 4743
1263 3128 1369 3189 partem
1387 3139 1455 3189 puae

171 3214 252 3261 aial
268 3208 519 3276 numennumen).

261 3331 348 3401 5334)
385 3332 425 3394 Μ.
441 3331 495 3393 lul.
511 3332 581 3412 Pap.
598 3331 696 3392 Iustus
719 3331 782 3392 deo.
803 3329 807 3414 Ι
827 3332 895 3404 eol„
918 3329 956 3391 ob
979 3330 1051 3391 hou.
1076 3329 1181 3410 pontii·
1203 3327 1207 3412 Ι
1227 3347 1363 3411 campum
1386 3347 1454 3391 oum

172 3436 237 3498 suis
255 3437 262 3512 Ι
281 3435 408 3496 aditibus
431 3434 518 3496 elusit
539 3443 569 3494 et
588 3429 593 3514 Ι
612 3441 736 3494 statuam
760 3433 868 3514 posuit.

261 3535 494 3600 Sarmizegetusa
511 3549 567 3599 rep.
586 3531 641 3594 (III
657 3531 683 3584 S.
695 3533 762 3584 7985
781 3529 1040 3595 oidii'IiirseIsseId).

173 3619 1457 3739 m

177 3759 368 3843 meconion
390 3759 420 3821 d.
443 3758 471 3823 d.
492 3758 643 3821 faciunda.
663 3757 669 3841 Ι
688 3776 767 3820 eoer.
790 3757 899 3836 idemq.
922 3754 1008 3838 prob.

261 3861 374 3914 Has-ani
390 3875 461 3926 rep„
483 3861 531 3910 ubi
545 3856 602 3917 suit
620 3857 709 3924 Oupra
728 3859 879 3922 maritima,
902 3855 997 3907 deindo
1014 3853 1106 3906 Firmi
1123 3855 1152 3916 (I
1162 3855 1236 3907 iiii.
1253 3853 1293 3906 IX
1301 3857 1370 3911 44303
1388 3856 1457 3908 uidit

175 3945 343 4014 flamm).

176 4027 1457 4144 mmmm

177 4172 335 4232 maceriem
354 4167 360 4254 Ι
380 4179 409 4231 et
430 4168 546 4231 soboles
569 4176 598 4229 et
619 4166 769 4238 solarium,
795 4166 929 4229 semitam
948 4162 953 4247 Ι
973 4163 1010 4225 de
1032 4182 1056 4224 s.
1080 4180 1110 4243 p.
1133 4163 1153 4224 4.
1176 4164 1213 4225 e.¹
1233 4161 1238 4246 Ι
1258 4162 1352 4225 Genio
1375 4164 1457 4226 eolo·

178 4273 244 4334 niae
267 4281 298 4333 et
319 4271 495 4333 colonorum
516 4267 664 4353 lionoris
686 4286 783 4341 eausa,
803 4266 807 4350 Ι
828 4266 908 4347 quod
930 4274 1075 4346 perpetuo
1098 4263 1222 4326 lelieiter
1244 4265 1392 4327 utantur².

263 4369 350 4424 Iioiae
368 4375 447 4423 satra
464 4371 571 4421 moenia
596 4368 635 4435 (Χ
650 4369 717 4421 lidi
735 4371 776 4419 ior
792 4371 824 4417 ul
841 4367 948 4418 uidetur
965 4365 1098 4431 desMpio
1115 4380 1183 4418 soen.
1201 4362 1272 4418 IIVI.
1290 4363 1404 4429 XVIII).
1423 4393 1458 4402 —

180 4460 204 4522 1)
221 4457 262 4508 Ilo
278 4473 327 4508 suo
343 4458 460 4526 pecunie
476 4453 609 4517 faciunda
626 4456 741 4508 euronii.
766 4481 801 4491 -
827 4454 853 4518 2)
875 4455 978 4503 utantur
999 4465 1083 4502 unum
1101 4467 1136 4502 aa
1154 4451 1330 4518 apographis,
1355 4453 1384 4500 in
1402 4450 1457 4501 olio

179 4547 218 4592 ssi
233 4541 321 4594 usibus
339 4556 385 4592 oen
398 4581 404 4592 .
415 4579 421 4592 .
432 4579 455 4593 ..
478 4543 506 4587 ta
526 4543 605 4591 terno
622 4537 780 4589 venabulum
799 4538 940 4588 omittitur.

265 4677 348 4750 5333
386 4680 419 4742 L.
434 4679 604 4741 Tattaienus
626 4678 660 4739 L.
680 4679 699 4738 4.
721 4675 725 4758 Ι
745 4676 873 4751 Barcha,
898 4672 903 4759 Ι
929 4675 962 4736 L.
978 4672 1115 4737 Fistanus
1136 4674 1170 4735 L.
1189 4674 1209 4734 4.
1235 4667 1343 4758 [Iletia]
1372 4671 1376 4756 Ι
1401 4673 1458 4736 iter
