3502 5370
346 325 408 382 aaa
895 324 1063 397 caparam.

345 498 418 561 bino
447 517 539 580 porro
568 518 584 560 a
610 484 661 561 dt
691 497 726 560 ad
753 481 802 561 d'C
832 508 861 560 et
890 498 1032 579 quidquid
1063 518 1152 581 supra
1182 518 1283 562 susum
1312 518 1427 563 versum
1457 495 1461 579 Ι
1490 501 1607 580 (aderit

346 600 440 662 infimi
466 602 635 682 gladiatoris
657 601 785 682 pretium
807 603 846 664 sit
866 585 921 675 v’l,
943 619 1121 682 supereum
1137 586 1204 675 Vll,
1226 603 1294 664 terti
1315 611 1396 665 retro
1410 588 1503 675 Villi,
1524 605 1609 683 quarti

344 688 399 766 llll
414 704 546 784 adusque
553 689 620 766 lit.
659 703 696 766 lit
711 704 785 766 baec
798 704 837 766 ait
850 721 967 766 summo
988 721 1023 764 ac
1038 704 1220 767 lormonso'⁰
1241 703 1395 784 gladiatori
1415 702 1610 789 delii-(atlnia

346 807 504 886 quantitas.
536 807 646 888 Utique
662 808 693 869 in
710 804 851 869 omnibus
871 804 1056 878 muneribus,
1079 824 1155 885 quae
1176 807 1339 886 generatim
1362 807 1499 870 distincta
1513 807 1610 880 sunt⁸¹,

345 909 451 972 lanista
466 908 616 972 dimidiam
632 909 747 990 copiam
763 908 893 970 universi
909 907 1026 969 numeri
1041 907 1214 988 promisque
1226 915 1290 984 (ara)
1311 906 1452 994 multitul·
1462 909 1612 988 (att)dinis”

345 1011 487 1090 praebeat
508 1029 604 1092 exque
627 1013 682 1087 bis,
705 1012 756 1091 qui
778 1009 926 1091 gregari¹⁸
948 1009 1145 1091 appellantur,
1168 1011 1218 1090 qui
1235 1012 1349 1074 meliori
1372 1010 1534 1074 acertatis⁸⁴
1554 1012 1611 1082 etit,

346 1111 464 1175 duobus
496 1113 616 1175 milibus
649 1111 705 1175 sub
738 1112 856 1193 siguo⁸⁵
889 1122 1017 1194 pugnet,
1052 1130 1108 1173 nec
1141 1112 1298 1192 quisquam
1332 1132 1365 1176 ex
1400 1134 1435 1176 eo
1469 1115 1611 1193 numeral

346 1214 489 1292 (murillo
518 1233 672 1277 nummum
702 1215 857 1276 minore”.
901 1214 1034 1277 Lanistas
1063 1215 1151 1276 etiam
1179 1217 1398 1296 promovendos
1423 1216 1499 1278 viti*
1525 1216 1611 1279 studio

346 1326 471 1396 questus
487 1322 550 1392 (au)
574 1317 710 1398 negem¹⁸
742 1317 799 1379 sibi
830 1318 945 1396 copiam
973 1317 1109 1379 dimidiae
1137 1317 1229 1399 partis
1257 1316 1471 1399 praebendas⁸
1501 1338 1562 1382 esse
1582 1337 1612 1381 ex

347 1416 571 1501 nul-(aslmero
593 1419 812 1500 gregariorum,
842 1420 885 1481 uti
906 1419 1002 1482 sciant
1024 1419 1182 1499 inpositam
1211 1419 1266 1482 sibi
1289 1420 1495 1484 necessitatem
1517 1421 1552 1483 de
1570 1439 1613 1482 oc·

346 1523 428 1594 teris,
452 1541 529 1602 quos
543 1522 682 1584 meliores
696 1521 909 1602 opinabuntur,
932 1523 1094 1584 transferre
1109 1522 1254 1601 tantisper
1268 1521 1400 1601 plendi⁴⁰
1421 1519 1613 1608 nul-(ttlmeri

346 1624 550 1705 gregariorum
580 1625 681 1704 gratia.
725 1623 829 1705 ltaque
855 1624 880 1686 is
907 1642 1049 1688 numerus
1078 1625 1232 1686 universae
1260 1627 1386 1690 lamiliaa
1410 1626 1513 1704 aequis
1533 1624 1613 1706 parti·

346 1724 402 1788 bus
424 1727 454 1788 in
471 1726 604 1807 singulos
618 1726 681 1789 dios
696 1727 895 1806 dispartimur,
917 1726 1032 1806 atque⁴¹
1055 1727 1115 1788 ullo
1131 1727 1178 1789 dic
1192 1727 1291 1790 minus
1312 1724 1425 1813 quaml
1446 1729 1497 1806 (to)
1508 1723 1614 1788 dimidia
1665 1761 1667 1768 ·

345 1846 416 1909 pars
438 1829 644 1910 gregariorum
667 1831 704 1892 sit
726 1829 777 1904 ibi,
801 1829 852 1909 qui
874 1847 910 1890 eo
932 1829 981 1891 dic
1002 1827 1221 1891 dimicabunt⁴³.
1267 1829 1363 1910 thue
1385 1849 1420 1892 ea
1443 1825 1615 1910 opserrato‘⁸

346 1947 363 1991 a
387 1929 501 1994 lanistis
523 1950 611 2011 quam
634 1931 857 2013 diligentissime
886 1930 1021 2010 exigatur
1042 1931 1258 2011 iniungendum
1277 1928 1283 2015 Ι
1302 1933 1410 2012 (tt)his
1433 1933 1484 2012 qui
1505 1929 1614 2012 provin·

346 2032 409 2095 ciac
431 2034 647 2114 praesidebunt
675 2043 704 2097 et
725 2033 898 2113 legatis-rel
920 2032 1126 2112 quaestoribus
1155 2033 1200 2095 vel
1221 2033 1325 2113 legatis
1346 2034 1500 2115 legionum
1524 2031 1566 2092 rel
1585 2030 1616 2091 iis

346 2136 397 2213 qui
413 2121 459 2198 ius
474 2137 579 2199 dicunt
594 2155 620 2198 o.
636 2137 687 2198 r.⁴⁴
708 2145 760 2197 aut
773 2145 985 2218 procuratores
1006 2135 1200 2197 maximorum
1222 2134 1226 2216 Ι
1245 2135 1296 2217 (tt)
1310 2137 1496 2217 principum,
1518 2132 1615 2214 quibus

345 2239 517 2317 provinciae
538 2248 638 2301 rector
659 2240 857 2315 mandaverim
880 2237 935 2300 is²⁷
957 2238 1044 2299 etiam
1067 2247 1263 2317 procurator,
1287 2239 1337 2318 qui
1358 2237 1520 2318 provinciis
1539 2251 1615 2317 prae·

345 2340 494 2403 sidebant.
539 2341 635 2403 Trans
658 2341 769 2402 Padum
793 2349 890 2402 autem
913 2357 1026 2420 perque
1050 2358 1154 2402 omnes
1176 2340 1274 2402 ltaliae
1294 2337 1299 2422 Ι
1320 2341 1370 2418 (aa)
1385 2340 1525 2420 regiones
1544 2335 1614 2398 arbi·

345 2443 434 2504 trium
458 2443 675 2523 iniungendum
697 2443 855 2523 praelectis
877 2441 1085 2504 alimentorum
1107 2441 1250 2516 dandis⁴⁸‚
1280 2442 1305 2505 si
1327 2442 1469 2517 aderunt,
1497 2441 1541 2503 rel
1561 2439 1614 2500 viae

346 2545 492 2619 curatori,
523 2555 574 2607 aut
594 2546 619 2607 si
643 2564 700 2608 nec
722 2546 747 2607 is
769 2562 911 2626 praesens
933 2545 999 2618 erit,
1027 2543 1153 2605 iuridico
1175 2545 1220 2605 rel
1240 2542 1244 2627 Ι
1264 2546 1316 2624 (at)
1331 2553 1396 2607 tum
1417 2544 1518 2606 classis
1538 2559 1614 2624 prae·

345 2646 439 2708 toriae
460 2647 619 2726 praelecto.
641 2643 645 2730 Ι

432 2749 484 2830 (tt)
496 2747 568 2811 ltem
586 2767 694 2811 censeo
716 2748 753 2810 de
768 2747 899 2827 exceptis
920 2748 960 2810 ita
975 2746 1202 2828 opserrandum,
1224 2759 1258 2811 nt
1273 2749 1468 2830 praecipuum
1483 2743 1616 2809 mercedis

346 2851 489 2930 gladiator
517 2847 575 2914 sibi
598 2852 723 2930 quisque
752 2849 920 2930 paciscatur
948 2848 1012 2912 eius
1033 2849 1216 2929 pecuniae⁴⁶,
1247 2869 1323 2930 quae
1346 2848 1385 2912 ob
1407 2850 1487 2913 hanc
1508 2863 1615 2912 cansam

347 2950 466 3037 excipil·
479 2955 532 3034 (46)
545 2954 658 3026 ebatur,
686 2962 820 3033 quartam
843 2953 1012 3032 portionem
1035 2952 1120 3027 liber,
1148 2953 1262 3015 serus⁴¹
1289 2963 1386 3015 antem
1417 2952 1550 3032 quintam
1573 2965 1614 3009 ac·
1718 3005 1719 3042 Ι

347 3055 473 3136 cipiat⁴⁸.
518 3056 561 3117 lle
589 3055 682 3137 pratis
710 3064 808 3117 autem
838 3037 1031 3136 gladiatorum
1060 3055 1210 3135 opservari
1238 3054 1327 3135 paulo
1355 3063 1424 3116 ante
1454 3053 1555 3117 censui
1575 3069 1615 3113 se·

347 3157 478 3221 cundum
510 3153 685 3241 praescript·
697 3158 749 3236 (tt)
760 3167 823 3220 tum
856 3157 971 3220 divinae
1000 3157 1157 3233 orationis,
1185 3158 1237 3221 sed
1266 3167 1301 3220 ut
1328 3176 1362 3220 ea
1389 3158 1486 3238 pretia
1513 3155 1547 3218 ad
1574 3169 1616 3214 eas

348 3262 479 3323 civitates
511 3259 698 3341 pertineat⁴',
731 3249 762 3321 i'n
794 3258 902 3338 quibus
931 3259 1074 3340 ampliora
1103 3259 1296 3341 gladiatorum
1330 3259 1424 3341 pretia
1453 3255 1615 3339 flagrabant

348 3363 435 3437 Quod
457 3363 482 3424 si
504 3361 613 3442 quibus
635 3361 800 3425 civitatibus
819 3361 823 3446 Ι
844 3364 954 3441 (latres
976 3361 1094 3442 publica
1119 3361 1320 3436 tenuiorem,
1349 3379 1411 3424 non
1435 3361 1537 3423 eadem
1563 3373 1616 3420 ser·
1718 3339 1719 3392 l

347 3475 462 3542 rentur,
497 3483 572 3546 quae
601 3475 673 3546 aput
707 3465 845 3526 fortiores
874 3465 1004 3526 civitates
1035 3464 1144 3544 scripta
1173 3473 1259 3536 sunt,
1294 3481 1350 3524 nec
1381 3481 1472 3544 supra
1506 3458 1615 3522 modun
1718 3503 1719 3544 Ι

346 3569 453 3631 virium
484 3568 649 3643 onerent⁴⁹,
682 3566 732 3628 sed
762 3567 906 3628 hactenus
934 3566 965 3628 in
996 3565 1133 3639 eundem,
1159 3563 1164 3646 Ι
1189 3567 1240 3644 (ta)
1255 3574 1289 3626 ut
1317 3565 1404 3645 que⁸⁰
1437 3565 1468 3626 in
1501 3559 1616 3645 publicis
1718 3593 1719 3628 1

346 3671 526 3751 privatisque
548 3671 715 3732 rationibus
744 3669 954 3750 repperientur
980 3668 1075 3749 pretia
1100 3685 1214 3730 summa
1236 3685 1271 3729 ac
1293 3666 1388 3729 media
1410 3685 1446 3729 ac
1468 3677 1616 3748 postrema,

347 3773 493 3852 siquidem
516 3773 736 3854 provinciarum
760 3791 811 3834 cae
834 3771 964 3834 civitates
985 3780 1066 3844 sunt,
1089 3768 1126 3831 ab
1142 3788 1177 3832 eo
1197 3766 1202 3851 Ι
1222 3770 1337 3849 (adqui
1359 3768 1540 3850 praesidebit
1553 3782 1616 3847 pro·

348 3870 462 3937 vinciae
491 3883 696 3956 opserventur,
725 3884 889 3936 ceterarum
916 3882 1014 3935 autem
1044 3873 1168 3935 iuridico
1197 3872 1243 3935 rel
1270 3871 1400 3934 curatori
1429 3865 1615 3952 provinciae¹¹

348 3978 393 4040 vel
424 3977 525 4040 classis
553 3977 719 4057 praetoriae
748 3977 897 4057 praelecto
926 3975 972 4036 vel
999 3975 1185 4056 procuratori
1211 3969 1216 4055 Ι
1247 3970 1299 4056 (51)
1315 3989 1520 4036 maxumarum
1541 3968 1616 4051 prin·
1718 3963 1719 3968 ’

348 4081 463 4161 cipum,
494 4079 538 4141 uti
560 4079 705 4158 cuiusque
732 4079 856 4141 civitatis
882 4085 1021 4158 potestas,
1054 4077 1143 4157 que⁸⁸
1170 4076 1211 4139 ibi
1239 4077 1334 4157 prima
1359 4076 1425 4137 erit.
1469 4074 1562 4152 Atque
1582 4069 1616 4129 ita

348 4179 514 4244 rationibus
541 4180 643 4243 decem
666 4191 864 4243 retroversum
895 4197 1044 4242 annorum
1066 4180 1217 4262 inspectis,
1245 4178 1389 4259 exemplis
1418 4172 1423 4259 Ι
1454 4177 1505 4256 (52)
1520 4188 1617 4236 mune·
1718 4163 1719 4176 ¹

349 4281 445 4347 rum⁸⁸
467 4284 497 4345 in
514 4301 632 4363 quaque
654 4283 769 4345 civitate
784 4281 892 4344 edito⁵⁴
914 4291 1011 4356 erunt,
1033 4282 1237 4354 consideratis,
1261 4277 1506 4343 conserventur⁸⁵
1527 4274 1562 4336 ab
1576 4291 1616 4340 eo.

349 4386 434 4448 cuius
457 4385 610 4448 arbitrium
634 4385 691 4448 erit
712 4385 748 4446 de
770 4385 866 4447 tribus
888 4385 980 4465 pretia
1001 4384 1060 4457 vel,
1087 4384 1112 4446 si
1134 4384 1239 4446 melius
1262 4383 1288 4445 ei
1309 4381 1468 4454 ridebitur,
1493 4377 1498 4462 Ι
1521 4375 1572 4456 (at)
1585 4390 1617 4434 cx
1718 4371 1719 4374 ’

349 4507 383 4549 eo
407 4487 496 4549 niodo
520 4505 609 4568 quem
630 4488 821 4568 persequitur
843 4486 961 4550 elficit⁸⁸
990 4496 1020 4548 et
1041 4487 1182 4548 trifariam
1204 4486 1298 4567 pretia
1321 4484 1506 4547 deducantur
1532 4493 1617 4556 eaque

349 4591 443 4652 lorma
466 4591 552 4652 etiam
568 4590 598 4651 in
614 4599 767 4670 posterum
783 4600 926 4652 servetur.
964 4588 1124 4668 Sciantqua
1146 4607 1172 4648 v.
1188 4588 1246 4661 σθ’,
1269 4587 1320 4668 qui
1336 4580 1473 4668 proconl·
1486 4577 1617 4662 (sttsules
1718 4589 1719 4650 l

348 4691 438 4773 paulo
467 4702 537 4755 ante
566 4691 693 4772 prolecti
721 4701 807 4763 sunt,
842 4692 920 4754 intra
949 4707 1036 4754 suum
1066 4689 1191 4770 quisque
1213 4707 1324 4751 annum
1354 4689 1377 4750 it
1400 4685 1549 4768 negotium
1571 4697 1616 4742 ex·
