3548 5382
328 371 369 430 86
892 371 983 441 ceput
998 371 1047 426 XI.

410 539 499 613 5667
528 544 622 605 Genio
643 539 648 625 Ι
667 543 776 605 tutelae
792 537 797 617 Ι
814 543 990 605 horreorum
1011 541 1016 627 Ι
1036 543 1069 604 t.
1085 543 1202 605 Annius
1221 543 1225 624 Ι
1244 543 1436 605 Eucharistus
1456 541 1462 625 Ι
1481 561 1516 604 ex
1531 551 1611 604 voto.

417 645 649 710 Caesaraugustae
666 643 837 711 (Zaragcsa)
855 643 1001 710 Hispaniae
1020 643 1230 696 Tarraconensis
1248 645 1291 710 (11
1299 643 1365 696 269Ι
1381 644 1463 695 semel
1477 643 1612 707 descripta

326 745 394 782 saec.
411 728 498 795 XVI).

411 848 499 919 3668
524 852 612 912 Nurn.
627 851 707 911 dorn.
722 851 797 929 Aug.
816 847 819 934 Ι
836 868 962 935 sacrum,
979 851 982 934 Ι
1001 853 1096 913 Genio
1112 819 1516 934 conservatoiri—borreorunr
1533 843 1612 931 Gaii-

328 953 512 1028 bianorum¹‚
533 949 538 1034 Ι
564 955 603 1014 Μ.
619 953 747 1014 Lorinus
765 953 770 1035 Ι
791 953 973 1015 Fortunatus
992 951 997 1035 Ι
1018 955 1157 1032 magister
1175 951 1180 1037 Ι
1200 973 1224 1016 s.
1247 974 1277 1035 p.
1300 953 1328 1014 d.
1351 952 1381 1013 d.
1406 957 1450 1021 (In
1466 961 1546 1023 parte
1564 971 1613 1022 ep-

325 1063 429 1130 pcstta)
454 1075 536 1117 num.
557 1056 636 1117 dom.
652 1056 726 1133 Aug.
747 1050 752 1138 Ι
771 1072 899 1128 sacrum,
920 1057 925 1131 Ι
944 1054 1094 1118 Fortunae
1116 1053 1337 1138 conseriratrici
1361 1057 1496 1117 horreor.
1518 1049 1522 1134 Ι
1542 1051 1611 1112 Gai-

328 1158 485 1220 bianoruni
495 1159 514 1233 ¹,
535 1156 540 1237 Ι
565 1158 603 1219 Μ.
620 1157 749 1218 Lorinns
772 1153 966 1240 Fortunaltus
988 1159 1127 1236 magister
1146 1156 1151 1240 Ι
1174 1179 1198 1221 s.
1221 1178 1251 1238 p.
1274 1158 1303 1219 d.
1325 1158 1354 1218 d.
1377 1162 1612 1230 (lniatereaitero

326 1259 453 1310 Fortuna
478 1259 647 1322 diademata,
670 1257 695 1309 d.
710 1258 925 1322 gubernaculum
950 1273 1033 1322 mpra
1059 1259 1162 1319 orbern,
1185 1275 1206 1310 s.
1224 1273 1310 1310 cornu
1333 1258 1427 1322 copiae
1449 1260 1553 1318 amena
1580 1257 1612 1305 in

327 1344 414 1394 attera
431 1344 557 1395 sacerdos
575 1345 700 1394 imberbis
717 1341 836 1406 [Genius]
854 1342 965 1405 uelatus,
982 1343 1069 1392 iibens
1086 1343 1124 1394 ad
1140 1343 1238 1411 aram.)

413 1427 521 1494 Romae,
537 1445 589 1479 ara
601 1443 760 1488 marmorea,
778 1443 834 1491 rep.
853 1429 924 1478 iatar
940 1433 1055 1478 manum
1070 1427 1223 1480 Testcceum
1242 1433 1268 1480 et
1282 1428 1397 1480 tiberim
1410 1424 1463 1487 (VI
1472 1425 1525 1477 256
1541 1423 1613 1474 cidit

327 1512 466 1576 Smstius).
488 1539 523 1551 -·
548 1516 573 1577 ΙΙ
590 1513 630 1562 De
648 1515 753 1564 bas-reis
771 1511 918 1576 tertianis,
939 1515 1000 1564 sitis
1017 1529 1047 1564 eo
1064 1515 1123 1579 s'psa
1142 1513 1199 1565 ioco
1218 1517 1266 1566 ubi
1283 1516 1349 1565 baec
1367 1525 1419 1562 ara
1437 1512 1544 1575 reperta
1564 1513 1613 1572 est,

327 1597 363 1658 cf.
381 1613 464 1662 sapsa
482 1597 517 1649 Ν.
528 1598 592 1650 4621
611 1603 666 1649 not.
679 1599 705 1649 2.

589 1687 688 1694 ..n—.-

412 1715 498 1786 5666
527 1721 587 1781 lovi
610 1689 723 1799 optim—o
747 1717 892 1802 monimo,
924 1721 1017 1780 Genio
1047 1739 1132 1781 areae
1162 1718 1381 1802 i'ruirnentariae
1408 1721 1482 1794 Aug.
1510 1734 1579 1788 sac,
1604 1683 1610 1797 Ι

327 1822 360 1882 P.
384 1821 511 1884 Marcius
538 1821 571 1883 P.
594 1823 614 1883 Ι.
637 1823 685 1893 (ΙΙ
709 1817 871 1904 (ῘιεεΙιοιιι.
895 1820 986 1898 mag.²
1014 1821 1218 1895 obstaturam,
1244 1818 1250 1903 Ι
1277 1839 1365 1901 quarn
1395 1819 1433 1881 ob
1464 1819 1610 1880 bonorem

327 1920 524 2007 malgistratus
552 1923 598 1986 sui
627 1925 674 1986 die
697 1923 737 1984 iii
762 1919 918 2004 nojnarum
942 1923 1141 1986 bunuariorum
1162 1921 1167 2008 Ι
1187 1925 1219 1986 in
1242 1922 1385 2004 Capitolio
1412 1920 1579 2002 promisen,
1604 1915 1608 2002 Ι

326 2025 425 2087 inlatis
452 2043 477 2086 r.
500 2044 530 2105 p.
552 2025 675 2088 summis
697 2021 863 2108 hoinoraris
890 2025 1099 2088 decurionatus
1125 2023 1129 2108 Ι
1157 2036 1186 2088 et
1212 2045 1287 2107 mag.
1310 2043 1334 2087 s.
1357 2044 1386 2106 p.
1410 2024 1430 2084 Ι.
1453 2032 1483 2084 et
1505 2023 1611 2084 eodem

328 2123 417 2210 anlno
440 2127 487 2188 die
509 2126 574 2188 XVl
595 2126 624 2188 Ιι.
648 2126 770 2189 Octobr.
792 2122 796 2208 Ι
815 2128 967 2189 dedicavit.
1001 2127 1034 2190 L.
1058 2129 1086 2190 d.
1109 2131 1138 2191 d.
1161 2129 1190 2190 d.

414 2225 488 2280 Useli
506 2227 598 2288 (badia
611 2226 699 2294 bidjai)
718 2227 782 2292 agri
800 2226 928 2278 circeso
945 2227 1027 2289 (VIII
1040 2230 1109 2282 6559
1127 2229 1195 2280 vidit
1211 2227 1382 2288 thaans).
1395 2253 1428 2263 -
1448 2227 1474 2287 Ι)
1493 2223 1611 2288 Quis-im

328 2308 436 2377 (tribu).
457 2339 485 2348 -
507 2314 531 2375 2)
550 2311 690 2375 Magister.

414 2430 500 2498 8670
534 2433 595 2493 lovi
617 2433 732 2495 custodi
758 2432 764 2516 Ι
789 2444 819 2496 et
840 2435 935 2496 Genio
954 2433 960 2517 Ι
984 2435 1190 2496 thesaurorum
1210 2437 1216 2510 Ι
1241 2452 1320 2494 arans
1340 2435 1345 2509 Ι
1366 2433 1397 2493 C.
1421 2432 1512 2492 iulius
1533 2434 1609 2508 Aug.

328 2532 378 2594 lib.
397 2531 403 2616 Ι
424 2533 545 2614 Satyrus
564 2535 569 2614 Ι
588 2534 616 2595 (Ι.
639 2535 667 2596 d.
692 2541 737 2602 (in
755 2543 851 2612 uem)
874 2538 967 2603 dedic.
989 2536 1058 2598 Xili
1080 2537 1109 2598 ir.
1133 2535 1221 2598 Febr.
1241 2534 1247 2616 Ι
1266 2536 1304 2596 Μ.
1328 2533 1423 2595 Civica
1447 2532 1576 2594 Barbara
1603 2529 1608 2615 Ι

327 2634 366 2696 Μ.
389 2634 499 2696 bistilio
522 2635 636 2714 Regulo
658 2637 732 2702 cos.¹

413 2733 521 2798 Romae,
538 2750 610 2787 manc
623 2737 736 2788 Parisiis
753 2738 808 2799 (VI
816 2739 866 2802 576
881 2739 950 2789 uidit
961 2739 1091 2806 Hensca).
1107 2765 1138 2776 -
1159 2733 1186 2805 Ι)
1203 2737 1235 2789 A.
1244 2737 1300 2788 itt.
1326 2735 1463 2800 Quomodo
1481 2750 1540 2786 cam
1559 2735 1611 2786 boa

327 2835 400 2870 anna
417 2821 562 2871 conditas-i
577 2823 662 2886 possit
679 2823 829 2874 dedicantis
846 2839 942 2875 momen
960 2823 1110 2875 derivatum
1128 2827 1177 2873 aut
1194 2822 1227 2872 ab
1240 2821 1364 2887 Arrgrssto
1382 2827 1432 2872 aut
1444 2837 1461 2871 a
1476 2819 1610 2884 caligata,

326 2905 483 2967 ignoratur.

412 3040 497 3112 8671
528 3044 549 3105 l.
573 3065 601 3106 o.
624 3065 664 3107 nr.
687 3054 717 3108 et
738 3046 833 3108 Genio
854 3043 860 3128 Ι
877 3046 1012 3108 venalic.¹
1032 3042 1038 3131 Ι
1058 3046 1089 3106 P.
1105 3045 1216 3107 Acilius
1239 3043 1334 3106 Cerdo
1353 3041 1359 3128 Ι
1378 3053 1479 3105 ιοῑιιιιι
1500 3043 1586 3106 scirit
1603 3041 1608 3126 Ι

327 3145 446 3244 [berone
469 3145 610 3248 ΙΙΙΙΙΙΙΙΙ
629 3144 635 3228 Ι
653 3149 728 3227 Aug.
750 3147 815 3223 1111,
834 3147 840 3230 Ι
861 3148 951 3211 Cosso
974 3147 1102 3210 Lentulo
1126 3147 1208 3208 Cossi
1231 3147 1251 3208 Ι.
1274 3147 1348 3208 cos.⁸

412 3262 512 3315 Romae
532 3281 589 3329 rep.
611 3267 641 3315 ia
663 3265 805 3330 Aventino,
827 3281 877 3316 ara
899 3269 929 3316 in
951 3263 1044 3326 fronte
1065 3269 1092 3315 et
1113 3281 1130 3316 a
1155 3269 1231 3330 tergo
1255 3263 1346 3314 eadem
1370 3263 1451 3314 tituto
1474 3265 1608 3329 inscripta

327 3347 382 3415 (1¹1
394 3350 446 3402 596
469 3347 506 3411 cf.
523 3349 611 3402 56765
634 3349 702 3400 cidit
719 3348 897 3414 Boisseoaia).
923 3378 957 3388 -
986 3351 1010 3415 1)
1035 3350 1067 3404 Ut
1087 3365 1171 3416 supra
1195 3348 1228 3402 N.
1246 3349 1312 3402 isca
1335 3350 1476 3400 babuimus
1496 3347 1610 3399 Genium

325 3434 430 3498 publici
449 3437 581 3500 portarii,
604 3436 644 3483 ita
662 3435 707 3484 bic
724 3439 750 3485 et
768 3433 803 3488 N.
813 3437 981 3490 5666·5668
1002 3437 1108 3488 uidetur
1124 3433 1320 3500 intellegendus
1337 3450 1392 3485 esse
1410 3433 1511 3486 Genius
1527 3435 1610 3485 aecti-

324 3519 398 3583 gaiis
414 3519 540 3584 alicuius,
561 3520 664 3571 scilicet
683 3518 781 3572 Genius
798 3523 939 3573 vicesimae
956 3523 1075 3587 quintae,
1094 3537 1163 3586 qaae
1179 3523 1288 3570 aerario
1304 3519 1400 3586 popuii
1415 3517 1530 3570 bomani
1545 3535 1612 3585 pen-

327 3603 442 3655 debatur·
459 3621 495 3656 em
509 3607 607 3670 pretiis
622 3607 822 3670 mancipiorum
834 3606 978 3657 venalium.
1002 3606 1055 3671 Qui
1067 3606 1192 3658 dedicant
1207 3604 1302 3656 titulos
1313 3605 1369 3670 bas,
1386 3607 1437 3655 aut
1447 3607 1611 3655 mss-catores

326 3686 412 3750 scisse
429 3689 590 3741 crediderim
608 3694 657 3741 aut
673 3692 816 3754 mancipes.
842 3718 878 3728 —
904 3692 930 3754 2)
949 3690 1037 3743 Verba
1056 3691 1157 3744 Nerone
1175 3689 1282 3742 Caesare
1303 3703 1402 3741 casum
1421 3693 1557 3756 tmsptata.
1575 3717 1611 3727 -

327 3775 353 3836 a)
371 3774 404 3824 A.
421 3775 461 3825 oo.

412 3908 500 3979 3672
533 3911 557 3972 Ι.
581 3932 608 3974 ο.
631 3931 671 3972 ιιι.
694 3921 724 3974 et
746 3910 751 3996 Ι
777 3914 873 3976 Genio
895 3935 925 3996 p.
948 3915 984 3976 R.
1007 3925 1036 3976 et
1058 3915 1208 3990 venarier,
1233 3915 1240 3999 Ι
1263 3914 1295 3977 G.
1318 3913 1349 3978 G.
1373 3912 1466 3993 Lappi
1488 3911 1612 3974 biutiius

328 4025 358 4077 et
376 4012 382 4097 Ι
401 4013 496 4075 liuius
519 4021 549 4075 et
573 4009 578 4094 Ι
603 4013 637 4074 L.
659 4014 692 4075 L.
716 4014 810 4078 Rubri
831 4017 998 4079 Antiochus
1022 4014 1028 4100 Ι
1053 4025 1084 4078 et
1105 4015 1265 4100 Hymnus!
1290 4024 1391 4077 votum
1414 4015 1568 4076 solverunt
1590 4014 1610 4075 Ι.

328 4137 378 4193 na,
398 4112 403 4199 Ι
422 4115 457 4176 L.
470 4114 610 4193 Verginio
627 4115 704 4178 liuto
724 4112 728 4197 Ι
749 4118 780 4179 C.
797 4118 934 4180 Memmio
951 4118 1064 4198 Regulo
1085 4113 1090 4199 Ι
1110 4119 1185 4183 cos.²
1206 4125 1251 4192 (ln
1265 4128 1346 4191 parte
1363 4123 1498 4190 opposita)
1517 4110 1564 4201 [t]
1581 4135 1610 4176 0.

328 4239 367 4280 ιιι.
390 4230 420 4281 et
438 4216 444 4303 Ι
463 4217 558 4280 Genio
580 4236 610 4298 p.
634 4217 668 4278 R.
692 4228 721 4279 et
743 4219 875 4282 venalic.¹
900 4217 905 4303 Ι
925 4221 958 4282 L.
975 4220 1008 4282 L.
1025 4219 1118 4281 Rubri
1138 4220 1304 4282 Antiochus
1322 4215 1328 4303 Ι
1348 4229 1378 4281 et
1400 4217 1535 4299 Hymnus
1558 4228 1587 4278 et
1605 4213 1610 4302 Ι

328 4322 360 4383 C.
375 4321 407 4383 C.
423 4321 516 4402 Lappi
532 4319 653 4381 Mutilus
676 4328 706 4380 et
723 4317 729 4402 Ι
749 4321 844 4383 Rufus
862 4320 867 4404 Ι
887 4332 986 4384 votnm
1002 4323 1155 4384 solverunt
1170 4322 1191 4383 Ι.
1207 4341 1257 4398 nr..
1277 4319 1282 4406 Ι
1303 4321 1335 4384 L.
1352 4321 1493 4401 Verginio
1508 4321 1586 4382 Ruio
1604 4317 1610 4404 Ι

239 4491 248 4508 ,
328 4423 359 4484 C.
375 4423 514 4485 bianinrio
536 4422 650 4501 Regulo
670 4423 676 4504 Ι
695 4422 769 4484 cos.¹

412 4521 520 4587 Romae,
537 4527 566 4573 im
578 4539 652 4589 arce,
669 4540 725 4589 rep.
739 4539 799 4575 casm
810 4539 842 4574 ea
854 4539 923 4589 quae
938 4523 1085 4589 praecedit,
1103 4523 1207 4575 duabus
1218 4522 1356 4585 frontibus
1367 4521 1422 4590 (Vr
1429 4522 1482 4575 567
1492 4521 1612 4587 descrip-

327 4606 579 4662 semanimem
596 4613 719 4660 auctores
731 4609 844 4676 idonei).
856 4636 890 4646 -
910 4611 934 4673 i)
953 4608 1017 4660 Cum
1031 4607 1115 4660 Genio
1128 4607 1226 4675 papuli
1239 4605 1355 4659 Romani
1372 4611 1398 4658 et
1409 4607 1537 4659 venalicii
1548 4621 1613 4658 con-

326 4687 398 4750 ferri
413 4695 500 4756 potest
518 4691 618 4745 Genim
632 4694 729 4761 popuii
746 4693 861 4746 Romami
876 4699 903 4745 et
920 4695 1074 4745 commercii
1091 4692 1187 4759 (supra
1205 4692 1240 4745 Ν.
1252 4692 1337 4760 tow).
1354 4719 1389 4732 -
1407 4695 1433 4757 2)
1452 4694 1484 4743 Α.
1500 4693 1543 4744 65.

327 4779 398 4787 ·——
432 4782 712 4790 ——-------—-—-—
727 4784 954 4790 ——-—--—
1004 4783 1122 4788 --..--
