3556 5376
316 395 380 454 428
840 395 932 466 Gepnt
948 395 1023 450 XIII.

316 566 482 655 perflicint'.
530 568 684 632 Profectus
711 586 778 632 sum
805 580 835 631 et
862 566 953 654 initur
979 569 1040 632 viee
1067 569 1198 630 latrones
1227 587 1292 631 sum
1317 565 1322 650 Ι
1347 587 1468 648 pessum
1503 569 1597 631 nudus

316 675 434 735 saucius
456 667 543 756 elcesi
573 685 640 730 cum
664 669 753 746 meis;
786 670 888 734 Saldae
909 667 1004 754 velni3
1038 670 1240 733 Clementem⁸
1267 667 1504 756 procureitorem
1527 690 1596 734 con·

316 773 392 835 reni.
437 772 480 833 Ad
503 769 644 852 monitum
672 789 719 832 me
740 773 892 852 perduxit,
924 773 984 835 ubo
1002 779 1067 848 (ste)
1096 768 1278 858 cuniculium
1308 771 1390 834 dubii
1419 771 1520 853 operis
1547 773 1597 834 Ite·

316 876 397 950 bont,
417 873 422 958 Ι
443 873 527 955 quasi
548 871 767 953 relinquendus
786 870 993 958 halbebetuffi
1015 875 1082 938 ideo
1102 885 1176 954 quot
1197 872 1369 958 peritomtio
1391 874 1491 955 operis
1514 876 1597 937 cuni-

315 977 385 1055 culli
412 976 533 1056 longior
560 984 624 1036 eret
652 975 759 1048 effect,
788 973 793 1057 Ι
818 994 906 1055 quam
931 978 1041 1039 montis
1063 977 1202 1057 spatium.
1226 974 1231 1060 Ι
1257 976 1402 1058 Apparuit
1429 978 1597 1040 Iossurese

315 1075 458 1163 rilgorem
474 1084 538 1151 (ste)
560 1094 685 1151 errasse,
715 1077 788 1138 odeo
810 1088 844 1140 ut
863 1073 869 1160 Ι
887 1079 1025 1158 superior
1047 1079 1162 1140 tonsure
1185 1077 1331 1160 destituam
1355 1079 1430 1158 petit
1449 1079 1487 1140 nd
1510 1080 1597 1142 meri·

316 1175 406 1264 ditem
429 1197 542 1254 versus,
572 1177 696 1240 interior
713 1174 720 1263 Ι
738 1180 876 1243 similiter
896 1181 1028 1243 dextram
1047 1178 1052 1265 Ι
1071 1198 1155 1244 suam
1178 1181 1252 1261 petit
1281 1191 1311 1242 et
1333 1176 1596 1265 septenitrionem:

316 1282 391 1344 duee
413 1299 486 1362 ergo
514 1289 615 1360 partes
642 1280 746 1343 relicto
773 1283 873 1361 rigore
899 1279 1061 1368 erlmhant.
1106 1282 1198 1363 Rigor
1220 1291 1318 1343 nutem
1337 1281 1343 1364 Ι
1362 1282 1515 1362 deputatus
1537 1293 1599 1345 eret

315 1402 405 1464 supro
423 1383 430 1466 Ι
449 1391 581 1445 montem
611 1382 647 1444 ab
676 1384 823 1446 orientem
842 1392 905 1457 (ste)
925 1383 930 1466 Ι
955 1385 985 1447 in
1010 1385 1207 1448 occidentem.
1251 1383 1294 1445 Ne
1317 1383 1384 1463 quis
1403 1381 1408 1468 Ι
1427 1395 1527 1448 temen
1556 1386 1597 1448 Ie·

316 1486 398 1566 genti
421 1502 507 1547 error
526 1482 531 1567 Ι
550 1485 601 1545 flat
621 1485 659 1547 de
681 1486 813 1563 fossuris,
842 1497 917 1567 quot
934 1492 998 1560 (ste)
1022 1499 1066 1550 est
1085 1484 1090 1570 Ι
1110 1487 1254 1566 scriptum
1278 1484 1440 1566 ‘superior'
1465 1497 1494 1546 ot
1514 1483 1519 1568 Ι
1540 1487 1599 1548 ‘in-

315 1587 431 1662 terior'‚
460 1587 503 1650 sie
534 1583 765 1670 inteliegelmus:
798 1589 935 1670 superior
964 1597 1108 1669 estpars,
1137 1607 1195 1668 qua
1215 1586 1220 1671 Ι
1240 1588 1397 1650 cuniculus
1424 1607 1532 1669 equam
1554 1609 1599 1652 re-

316 1690 403 1770 cipit,
429 1685 434 1773 Ι
460 1687 593 1764 interior,
624 1707 682 1768 qun
712 1690 828 1752 emittit.
873 1690 946 1753 Cum
966 1687 973 1776 Ι
992 1709 1068 1771 opus
1090 1689 1258 1771 adsignant,
1291 1700 1325 1751 ut
1351 1691 1472 1766 scirent,
1500 1689 1506 1773 Ι
1534 1692 1599 1772 quis

316 1809 404 1871 quem
436 1792 556 1852 modum
578 1809 665 1854 suum
684 1791 691 1876 Ι
710 1792 919 1873 perfunctionis
941 1791 1054 1868 urben,
1080 1792 1086 1877 Ι
1112 1803 1262 1854 certamen
1286 1791 1385 1872 operis
1413 1789 1502 1876 initur
1525 1795 1598 1857 cles·

315 1893 393 1957 nicos
425 1889 544 1978 mililtes
577 1903 608 1955 et
639 1894 789 1974 geesntes⁸
822 1896 890 1958 dedi
924 1893 929 1976 Ι
963 1906 992 1958 et
1023 1896 1067 1958 sic
1100 1894 1136 1956 ad
1169 1890 1455 1978 compertusilionem
1488 1897 1600 1959 montir

315 1993 517 2079 convenelrun
537 1999 609 2068 (ste).
654 1995 735 2077 Ergo
758 2017 824 2078 ego,
852 1997 903 2077 qui
933 1994 1057 2081 priimus
1084 1996 1189 2059 libram
1212 1997 1354 2072 tenerem,
1379 1991 1385 2080 Ι
1410 1996 1534 2060 ductum
1556 2009 1598 2060 at·

315 2097 510 2178 signaveram,
530 2095 535 2182 Ι
562 2098 627 2160 fleri
649 2099 835 2162 instituerem
860 2096 1035 2184 selcundum
1059 2101 1183 2162 formem
1206 2117 1294 2178 quem
1313 2097 1480 2173 IPetronio
1502 2098 1598 2162 Celeri

315 2202 392 2280 pro.⁸
425 2198 431 2283 Ι
464 2200 644 2262 dodercm¹⁰.
701 2201 786 2282 Opus
815 2203 971 2278 effectum,
1002 2201 1007 2284 Ι
1037 2220 1116 2282 equs
1149 2201 1253 2275 missa,
1287 2200 1430 2263 dedicarit
1458 2201 1463 2283 Ι
1495 2200 1598 2265 Verius

315 2300 453 2365 Clemens
475 2303 581 2383 proo.¹¹
600 2301 607 2386 Ι
631 2303 745 2367 Modios
768 2303 829 2368 V¹².
1207 2307 1210 2314 '

401 2405 438 2467 Ut
466 2404 592 2468 lucidius
620 2404 706 2467 ishor
734 2424 819 2468 meus
847 2406 925 2468 circe
954 2402 1048 2487 duci
1074 2407 1133 2468 hoc
1154 2405 1297 2468 Saldense
1323 2415 1457 2484 pareret,
1486 2405 1598 2486 utque

314 2502 469 2590 aipistuins
490 2505 611 2574 subieci
634 2502 639 2589 Ι

400 2608 488 2671 Porci
503 2609 680 2672 Vetustini¹⁸
701 2609 736 2671 ad
753 2607 923 2689 Crispinum
932 2609 967 2670 ¹⁴:
989 2606 995 2692 Ι
1014 2607 1252 2688 ‘Benignissime
1275 2608 1406 2685 domine,
1430 2610 1526 2673 fecisti
1545 2620 1574 2672 et
1590 2607 1596 2694 Ι

314 2727 370 2791 pro
392 2720 491 2772 cetera
513 2712 695 2775 humanitate
716 2731 751 2773 eo
773 2707 986 2796 benivollentic
1008 2722 1075 2785 tus,
1098 2710 1177 2791 quod
1202 2710 1305 2773 misisti
1326 2710 1362 2771 ed
1384 2730 1432 2774 me
1454 2709 1599 2798 Nonilum

315 2813 420 2874 Datum
443 2823 614 2889 evocatum,
638 2814 681 2875 uti
703 2821 831 2874 tractore
850 2809 855 2896 Ι
876 2831 944 2874 cum
967 2833 1003 2875 eo
1025 2814 1062 2875 de
1085 2812 1236 2892 operibus,
1259 2831 1336 2892 queo
1358 2814 1489 2876 curanda
1508 2812 1514 2899 Ι
1533 2833 1599 2877 sus·

315 2914 400 2995 cepit
436 2914 475 2975 ut
488 2914 564 2990 idco,
588 2933 765 2995 quemquam
782 2909 929 2998 temlpore
952 2932 1098 2995 urguerer
1113 2924 1144 2975 et
1158 2913 1299 2978 Caesarea
1317 2919 1381 2989 (ste)
1404 2911 1599 3000 sentinarum,

314 3026 412 3078 temen
436 3016 538 3079 Saldae
559 3014 747 3102 ermenrici,
777 3027 806 3078 ct
828 3033 922 3096 cquae
948 3017 1071 3080 ductum
1099 3015 1178 3078 bene
1204 3011 1389 3100 inchoeltum
1416 3017 1469 3081 sed
1498 3019 1599 3098 magni

314 3119 414 3199 operis
435 3118 552 3199 inspexi
574 3128 605 3181 et
629 3115 635 3204 Ι
662 3120 742 3198 quod
764 3117 878 3181 absolvi
899 3118 965 3180 sine
988 3137 1089 3181 curam
1108 3123 1170 3194 (ste)
1200 3119 1278 3181 Noni
1303 3118 1382 3204 liniti
1405 3137 1465 3179 non
1490 3128 1600 3198 potest,

314 3220 365 3298 qui
392 3221 417 3282 it
441 3220 529 3283 simul
558 3221 728 3306 diligentur
755 3231 785 3283 et
812 3221 939 3283 fideliter
967 3221 1109 3284 treetevit.
1155 3219 1191 3282 Et
1213 3221 1280 3284 ideo
1299 3219 1306 3301 Ι
1324 3231 1484 3302 rogaturus
1505 3239 1597 3295 erem,

313 3321 479 3384 concedere
502 3319 610 3406 nolbIs,
634 3323 676 3385 nti
692 3322 845 3386 mensibus
869 3323 975 3403 aliquis
996 3323 1040 3386 rei
1056 3320 1202 3406 ogenidae
1224 3323 1443 3396 immoraretur,
1467 3323 1526 3385 nisi
1549 3323 1598 3383 in·

313 3419 471 3510 cidisiset¹⁸
493 3425 694 3487 infirmitatem
717 3423 928 3509 contrectnmil
951 3421 1000 3510 [em
1022 3425 1121 3488 multu
1141 3435 1169 3487 et
1189 3429 1304 3506 mapnis
1326 3421 1482 3509 intortius]
1486 3470 1594 3492 .....

398 3539 551 3607 Lambaess',
568 3544 638 3594 Iass's
653 3558 703 3593 sese
721 3541 848 3606 uarum,
866 3543 944 3593 cuius
962 3542 1076 3594 dimidia
1094 3545 1199 3593 tanuen
1213 3557 1291 3608 pars,
1314 3542 1418 3593 sctis'cet
1434 3547 1490 3593 tres
1507 3541 1596 3594 tatere

311 3630 456 3692 supersunt
473 3626 555 3693 (Vm
563 3627 634 3678 2728
645 3623 681 3688 cf.
694 3625 764 3678 VIII
771 3626 798 3680 S.
810 3628 895 3681 48422
907 3627 1036 3679 atderunt
1049 3627 1203 3680 Witmanns
1215 3631 1241 3677 et
1254 3626 1396 3695 Schmidt).
1408 3655 1441 3664 —
1462 3630 1488 3690 1)
1504 3627 1598 3693 Stant·

311 3709 412 3772 nicatur
434 3711 469 3762 M.
488 3711 615 3763 Vatertus
637 3711 770 3763 Etruscus
794 3711 899 3777 legatus
921 3715 1056 3764 eseeretnss
1078 3711 1210 3773 Asrs’acne’
1233 3729 1259 3765 a.
1275 3712 1323 3763 4114
1346 3715 1442 3778 (supra
1465 3710 1499 3765 Ν.
1514 3711 1597 3780 aaut)

313 3801 339 3845 et
357 3811 381 3847 a.
393 3795 445 3847 412
457 3795 538 3862 (VIII
547 3795 624 3850 stat.
642 3795 711 3848 VIII
721 3795 748 3849 S.
760 3794 861 3865 tacta).
891 3796 1045 3864 Epistulam
1057 3803 1171 3864 apparet
1182 3799 1313 3864 scriptam
1330 3813 1384 3848 esse
1402 3811 1419 3846 a
1439 3797 1526 3849 Varia
1539 3795 1597 3850 cu-

312 3884 398 3931 ments
417 3885 605 3945 procuratore.
632 3909 666 3919 -
693 3883 720 3946 1)
741 3881 841 3934 Satdae
864 3882 992 3948 oppidum
1014 3883 1184 3933 maritimum
1202 3881 1388 3934 Mauretaniae
1406 3881 1598 3945 montana,

312 3966 392 4017 nodie
407 3966 564 4031 Bougie.-
580 3967 608 4031 8)
626 3963 668 4028 111.
679 3982 763 4033 supra
775 3964 900 4021 mnus.
910 3995 944 4006 -
961 3969 988 4032 4)
1006 3966 1186 4018 Inctsoaeerut
1203 3965 1401 4032 aquaeductum
1418 3971 1482 4018 ante
1497 3967 1598 4018 mutter

312 4066 406 4115 annos,
423 4051 548 4102 Pete-outo
567 4049 656 4102 cetere
669 4055 859 4115 procuratore,
882 4048 919 4111 cf.
937 4052 1013 4112 s‘nsra
1031 4057 1087 4106 not.
1103 4053 1128 4106 9.
1146 4079 1182 4090 -
1209 4053 1235 4116 5)
1254 4049 1295 4112 Cf.
1313 4055 1370 4104 nat.
1384 4053 1410 4105 9.
1431 4079 1467 4089 -
1492 4051 1519 4115 t)
1536 4051 1597 4116 Ser,

312 4135 455 4190 haberetur.
472 4165 506 4175 —
533 4137 559 4200 i)
577 4135 765 4201 assignarem.
782 4163 817 4174 —
844 4138 870 4202 8)
889 4134 930 4197 Cf.
948 4135 1094 4188 Mommsen
1112 4137 1199 4190 Merra.
1217 4137 1253 4189 22
1269 4139 1366 4202 mett.
1390 4164 1426 4174 -
1451 4138 1479 4200 9)
1497 4136 1598 4189 hacu-

311 4223 407 4274 ratari.
439 4220 465 4274 C.
481 4221 622 4271 Petronius
641 4219 715 4272 Celer
730 4225 897 4286 procurator
915 4220 1101 4274 Mauretaniae
1120 4221 1301 4274 caesariensis
1324 4220 1383 4283 [us't
1404 4238 1431 4274 u,
1449 4220 1498 4274 437
1516 4219 1599 4289 (7111

311 4303 339 4358 S.
347 4305 439 4368 secas,
451 4302 528 4365 infra
540 4307 612 4356 inter
624 4304 776 4372 terminus).
787 4333 822 4344 -
837 4307 878 4370 10)
891 4308 1010 4373 Apparet
1021 4308 1154 4359 nonnutta
1167 4309 1353 4361 excidisse·
1365 4309 1407 4372 11)
1419 4307 1459 4358 De
1472 4307 1523 4358 tac
1532 4323 1598 4374 pro-

311 4395 437 4441 curatore
448 4391 637 4443 Mauretaniae
649 4389 829 4442 Caesartensis
840 4391 901 4442 vide
912 4407 995 4458 supra
1008 4391 1042 4444 Ν.
1051 4391 1127 4445 4362.
1141 4419 1171 4430 -
1194 4394 1234 4458 11)
1247 4393 1304 4444 Moe
1315 4394 1465 4443 obscurum·
1486 4391 1598 4444 Momm·

309 4490 390 4526 senus
408 4477 522 4527 coniecit
535 4476 656 4526 indicari
666 4489 820 4527 mensstram
837 4492 925 4542 aquae
936 4481 1009 4529 certo
1023 4483 1140 4544 tempore
1151 4493 1186 4528 eu
1198 4477 1369 4544 aquaeductu
1378 4479 1550 4544 profluentis.
1563 4506 1596 4516 —

312 4560 531 4624 temeraretur
540 4559 727 4611 Mauretaniae
737 4559 917 4612 Camariertst's
929 4577 954 4614 a.
964 4560 1013 4613 tto
1022 4561 1101 4627 (dipl.
1112 4561 1178 4626 nat,
1194 4561 1239 4613 111
1248 4560 1276 4616 S.
1283 4577 1311 4627 p.
1320 4562 1415 4630 stre).
1431 4590 1466 4600 -
1485 4563 1529 4626 14)
1547 4561 1597 4614 Le-

307 4647 392 4707 gatus
407 4646 543 4698 austun
554 4643 685 4706 Africani
698 4662 750 4712 per
767 4661 853 4699 annas
863 4647 993 4700 tta-sao
1011 4647 1107 4714 (supro
1120 4645 1154 4701 Ν.
1165 4648 1250 4716 rata).
1268 4675 1301 4686 -
1322 4649 1364 4714 15)
1381 4647 1496 4700 Msetds't
1512 4648 1549 4700 ia.

396 4762 481 4833 suc
517 4759 867 4854 [renouentur]
893 4768 899 4850 ι
925 4771 1075 4850 unguen
1100 4767 1105 4852 ι
1133 4763 1264 4856 [ponus.
1290 4789 1366 4832 max·
1393 4775 1399 4851 ι
1424 4765 1595 4856 iterium·
