3546 5378
487 381 573 437 ’l'itnll
592 399 704 452 opernm
720 384 902 454 publicorum.
914 415 948 426 -
967 385 1042 441 Loca
1059 386 1180 457 publica.
1410 386 1474 446 458

196 554 351 628 menterio,
374 573 462 634 quem
486 555 572 618 iussit
592 557 720 636 proferri
743 557 888 638 Cuperius
904 559 1085 622 llostilianus
1108 578 1162 639 per
1183 559 1218 620 ’1.
1234 558 1370 621 llustium
1389 559 1474 642 Lysi·

195 675 309 736 ponum
329 653 335 739 Ι
354 657 492 732 scribam,
515 659 545 720 in
569 677 630 740 quo
652 659 795 740 scriptum
820 671 883 723 erat
904 661 936 735 it,
959 663 1039 742 quod
1061 662 1139 724 inira
1161 662 1305 742 scriptum
1329 671 1388 725 est:
1408 658 1414 744 Ι

280 760 314 822 1..
337 760 464 822 Publilio
488 759 572 823 Celso
594 761 622 822 ll
650 761 681 823 C.
705 762 807 825 Clodio
830 763 967 844 Crispino
996 763 1081 836 cos.²,
1114 762 1213 826 idibus
1236 763 1369 843 apritib,
1399 762 1406 845 Ι
1434 764 1474 826 11.

195 863 302 925 Pontio
325 863 410 926 Celso
433 863 586 940 dictatore,
609 863 638 930 C.
664 864 809 928 Suetonio
832 865 994 929 Claudiano
1016 866 1109 928 aedile
1131 867 1189 929 iuri
1212 867 1352 941 dicundo,
1380 866 1473 947 praei.

194 966 299 1028 aerari.
332 966 585 1030 commentarium
600 966 795 1030 cottidianum
809 970 953 1050 municipi
966 973 972 1050 Ι
988 969 1145 1044 Caeritum,
1165 969 1235 1031 tode
1250 968 1357 1050 pagina
1369 967 1475 1030 XXllll

193 1071 292 1152 lrapito
314 1069 387 1152 111.Ι

276 1165 334 1235 ‘ld
358 1172 483 1234 Pontius
505 1171 608 1234 Celsus
636 1171 763 1234 dictator
791 1183 821 1235 et
849 1173 881 1236 C.
903 1174 1065 1238 Suetonius
1087 1174 1265 1237 Claudianus
1293 1172 1475 1236 decuriones

193 1273 225 1335 in
254 1273 366 1354 templo
395 1273 488 1336 divor.
511 1284 760 1355 corrogaverunt,
789 1275 841 1338 ubi
863 1275 1011 1339 Vesbinus
1033 1277 1108 1356 Aug.
1135 1275 1185 1338 lib.
1208 1276 1295 1356 petit,
1325 1273 1331 1360 Ι
1361 1282 1395 1336 ut
1418 1273 1474 1337 sibi

192 1375 279 1437 locus
307 1374 426 1456 publice
455 1376 577 1438 daretur
603 1376 659 1440 sub
688 1378 804 1458 porticu
831 1378 968 1441 basilicae
991 1378 1193 1460 Sulpiciam,
1224 1379 1267 1438 uti
1289 1377 1473 1458 Augustalib.

193 1478 225 1538 in
255 1496 323 1540 eum
349 1477 448 1540 locum
478 1479 627 1559 pbetrium
657 1481 780 1554 iaceret,
811 1479 862 1542 ubi
891 1499 928 1542 er
957 1479 963 1562 Ι
993 1499 1142 1543 consensu
1164 1480 1360 1542 decurionum
1391 1479 1474 1543 locus

195 1580 239 1656 ei,
262 1598 350 1661 quem
374 1571 604 1658 desideraverat,
627 1581 712 1645 datos
734 1592 794 1654 est,
863 1583 1005 1665 placuitq.
1027 1575 1172 1645 universio
1195 1582 1325 1645 Curiatio
1342 1580 1474 1644 Cosano⁸

193 1683 326 1745 curatori
355 1682 394 1744 ob
423 1701 487 1745 eam
518 1701 583 1746 rem
611 1684 616 1767 Ι
646 1685 803 1766 epistulam
833 1686 918 1747 mitti.
1006 1685 1040 1748 ln
1063 1685 1176 1747 coriam
1204 1684 1328 1746 inerunt
1349 1684 1475 1747 Pontius

194 1783 296 1848 Celsus
318 1785 428 1860 dictat,
462 1787 623 1850 Suetonius
646 1787 824 1851 Claudianus
853 1787 917 1850 aed.
939 1788 998 1850 iuri
1020 1789 1093 1863 dic,
1123 1787 1162 1849 ll.
1184 1786 1325 1867 Lepidins
1347 1786 1446 1868 Nepos
1466 1785 1472 1872 Ι

192 1886 278 1949 aedil.
300 1905 425 1963 annon,
453 1887 565 1951 Pollius
587 1888 727 1965 Blandus,
756 1890 940 1954 Pescennius
962 1889 1127 1962 Flavianus,
1150 1888 1334 1951 Pescennius
1355 1888 1473 1965 Natalis,

191 1988 304 2051 Pollius
326 1989 475 2065 Callimus,
508 1991 667 2054 Petronius
689 1991 849 2067 lnnocens,
884 1992 1007 2073 Sergius
1028 1989 1200 2054 Proculus’.
1231 1988 1237 2074 Ι
1268 1989 1341 2052 lude
1367 1989 1473 2070 pagina

191 2089 282 2152 altera
316 2093 412 2174 capite
445 2093 552 2173 primo.
636 2087 845 2176 ‘Magistratus
877 2106 907 2158 et
938 2096 1094 2157 decurion.
1117 2093 1248 2157 Curiatio
1271 2091 1388 2154 Cosano
1420 2092 1473 2154 sal.

193 2192 266 2255 ldib.
289 2194 365 2275 Aug.
453 2195 637 2259 Desideranti
665 2217 681 2260 a
711 2197 799 2260 nobis
827 2194 832 2282 Ι
861 2195 949 2278 Ulpio
971 2195 1103 2259 Vesbino
1130 2195 1288 2259 consilium
1318 2195 1473 2258 decurion.

192 2297 355 2376 coegimus,
378 2316 394 2358 a
416 2298 499 2379 quib.
522 2300 608 2379 petit,
638 2310 672 2361 ut
693 2298 750 2362 sibi
772 2301 856 2363 locus
878 2298 998 2380 publice
1021 2299 1051 2362 in
1075 2300 1184 2378 angulo
1207 2297 1341 2379 porticus
1362 2296 1474 2360 basille.

191 2399 322 2475 daretur,
350 2402 430 2481 quod
452 2421 485 2463 se
506 2401 690 2481 Augustalib.
720 2401 725 2486 Ι
756 2402 905 2483 pbetrium
928 2401 1047 2482 publice
1068 2410 1280 2463 exornatorem
1308 2399 1474 2463 secundum

191 2501 327 2581 dignitat.
351 2503 494 2586 municipi
517 2505 719 2585 polliceretur.
756 2504 874 2566 Gratiae
893 2505 964 2566 huic
985 2513 1067 2566 actae
1089 2513 1161 2566 sunt
1179 2502 1217 2564 ab
1232 2504 1387 2578 universis,
1410 2502 1473 2583 pla·

190 2607 255 2668 cuit
282 2613 380 2668 tamen
409 2605 464 2668 tibi
495 2603 500 2689 Ι
527 2607 635 2683 scribi,
668 2626 706 2669 an
735 2608 767 2669 in
797 2609 854 2670 boc
883 2625 1004 2688 quoque
1032 2614 1062 2668 et
1090 2616 1124 2667 tu
1152 2624 1356 2669 consensurus
1384 2623 1473 2668 esses.

191 2708 251 2782 oni
279 2709 364 2772 locus
392 2710 435 2772 rei
458 2729 488 2791 p.
518 2709 549 2772 in
572 2729 629 2773 usu
658 2729 720 2773 non
749 2719 794 2772 est
822 2728 879 2772 nec
901 2710 961 2772 ullo
984 2709 1081 2772 reditu
1104 2727 1168 2773 esse
1190 2699 1314 2790 potest'.
1401 2706 1474 2769 lnde

190 2813 299 2892 pagina
322 2811 387 2873 Vlll
415 2811 515 2892 kapite
536 2813 644 2893 primo.
664 2807 670 2897 Ι
728 2805 891 2875 ‘Curiatios
913 2812 1046 2874 Cosanus
1073 2810 1163 2893 meg.⁴
1189 2822 1220 2874 et
1247 2813 1312 2875 dec.
1335 2811 1473 2874 Caereta-

191 2932 259 2975 nor.
274 2914 328 2976 sal.
408 2913 472 2993 Ego
496 2933 558 2976 non
580 2923 697 2977 tentum
720 2915 890 2978 consentire
912 2914 1055 2977 voluntati
1077 2923 1191 2977 restrae
1212 2924 1259 2976 set
1280 2923 1311 2976 et
1331 2913 1473 2995 gratulari

191 3015 298 3091 debeo,
320 3017 344 3079 si
367 3016 420 3096 qui
443 3035 506 3079 rem
529 3036 559 3098 p.
582 3017 626 3079 n.'
644 3013 650 3099 Ι
669 3026 818 3080 exsornat
851 3017 968 3080 Accede
991 3017 1061 3098 itaq.
1084 3017 1251 3080 sententiae
1271 3027 1387 3080 vestrae
1410 3035 1473 3078 non

191 3129 334 3200 tanqnam
357 3126 487 3196 curator,
515 3121 567 3183 sed
591 3130 733 3200 tanquam
763 3137 843 3182 unus
867 3139 918 3183 exs
941 3119 1055 3195 ordine,
1084 3137 1151 3182 cnm
1177 3129 1236 3181 tem
1258 3119 1384 3181 honesta
1406 3137 1473 3180 exs-

189 3222 302 3303 sempla
317 3231 381 3293 (sie)
400 3221 406 3303 Ι
425 3223 513 3286 etiam
536 3222 690 3303 provocari
712 3223 877 3284 bonoriflca
900 3222 1094 3284 exornatione
1116 3221 1313 3296 debeatne).
1334 3217 1340 3302 Ι
1401 3220 1473 3282 llata

191 3325 269 3406 prid.
292 3325 360 3387 idus
381 3324 549 3405 Septembr.
571 3317 751 3388 ameriae’t
776 3325 781 3410 Ι
847 3329 911 3387 Act.
934 3322 1005 3385 idib.
1027 3323 1110 3387 lunis
1133 3323 1169 3394 Ο.
1192 3323 1303 3385 Ninnio
1327 3323 1416 3384 llasta
1439 3321 1472 3382 P.

190 3428 313 3490 llanilio
335 3427 464 3509 Vopisco
487 3427 561 3490 cos'
579 3425 585 3510 Ι
604 3427 776 3489 Dedicatum
800 3426 829 3489 lr.
852 3427 927 3508 lug.
950 3427 1042 3489 isdem
1065 3445 1126 3488 cos.

279 3545 362 3598 cam
378 3560 434 3610 rap.
452 3561 479 3599 o.
497 3544 571 3610 1148,
594 3543 687 3596 amoto
704 3559 865 3609 marmorea,
889 3545 984 3597 deinde
1000 3543 1107 3606 Romus,
1130 3545 1186 3596 ione
1203 3541 1319 3610 Neapoli
1336 3541 1390 3604 (Χ1
1402 3540 1470 3595 8614

190 3629 338 3682 Romnum
364 3630 436 3681 otdtt
460 3633 600 3698 octypcmf
630 3628 667 3691 cs.
690 3630 814 3681 Hualner
836 3646 880 3684 are.
902 3645 954 3684 rar.
977 3633 1062 3696 epigr.
1081 3628 1165 3696 tort).
1193 3656 1228 3666 —
1258 3629 1283 3694 t)
1307 3627 1473 3680 Vocabulum

190 3716 259 3768 aaut
274 3715 395 3768 nendum
411 3717 547 3781 repertum
565 3712 598 3780 (t.
618 3714 697 3768 orell.
708 3715 778 3768 8788
794 3719 904 3781 spartus
921 3716 990 3783 ert)‚'
1006 3720 1164 3785 φρητρεῑον
1179 3715 1235 3764 rios
1252 3711 1371 3764 sobolom
1388 3713 1473 3778 rigat·

188 3799 272 3864 liceri
286 3804 394 3866 putaret.
412 3828 446 3838 —
468 3801 494 3864 2)
511 3801 544 3853 A.
560 3799 620 3855 tta.
637 3829 673 3839 -
695 3802 721 3863 3)
739 3800 811 3852 Idem
829 3804 996 3852 memoratur
1012 3802 1042 3851 tra
1060 3803 1079 3854 t.
1097 3801 1226 3851 Amerino
1243 3796 1282 3849 Xl
1298 3799 1371 3866 tata,
1393 3795 1473 3850 idem·

189 3902 242 3954 qua
251 3886 310 3948 suit
322 3887 446 3938 dominare
457 3885 620 3951 figlinam
631 3886 801 3952 quarundam
813 3888 1039 3950 mactaremur,
1055 3883 1110 3938 XV
1116 3885 1241 3938 Sti-402.
1253 3883 1308 3937 111.
1318 3912 1353 3922 -
1369 3885 1397 3950 l)
1415 3881 1473 3936 Ho-

186 3973 357 4038 mutilen.
374 4000 409 4011 -
432 3975 457 4035 11)
475 3969 538 4023 llam
553 3971 693 4037 publicaue
709 3976 838 4024 nostram.
855 3999 888 4010 -
913 3971 940 4035 θ)
957 3966 998 4030 Cf.
1016 3974 1072 4026 not.
1090 3971 1118 4023 a.
1134 3999 1167 4008 -
1184 3973 1211 4034 ’1)
1229 3971 1262 4021 A.
1279 3968 1334 4022 tta.

275 4127 361 4201 5919
396 4129 452 4192 1111
468 4150 539 4198 non,
558 4128 724 4211 Septembr.
742 4129 871 4192 incuria
889 4129 993 4209 templi
1015 4128 1152 4191 basilicae
1167 4127 1291 4207 Augusti
1307 4125 1471 4200 bonitoae,

188 4234 353 4297 scribundo
375 4233 536 4296 adsuerunt
555 4229 560 4316 Ι
579 4232 616 4304 0.
632 4232 761 4294 Granius
776 4232 899 4305 Atticus,
922 4231 961 4298 bl.
977 4231 1122 4294 Stlaccios
1143 4227 1278 4304 Albinus,
1300 4231 1335 4290 Α.
1352 4227 1472 4290 Clodius

188 4335 344 4410 llaximus,
366 4335 405 4402 11.
419 4334 564 4397 Amullius
579 4334 690 4416 Lupus,
713 4333 751 4395 11.
766 4333 875 4396 Fabius
890 4333 1017 4396 Firmus.
1037 4331 1043 4416 Ι
1062 4331 1148 4404 Quod
1171 4330 1205 4392 T.
1222 4330 1355 4393 Aufidius
1377 4328 1471 4390 'lbra-

189 4457 253 4514 sea,
275 4438 322 4500 'l'i.
338 4438 476 4502 Claudius
499 4437 662 4509 Quartinus
685 4435 765 4497 llriri
788 4455 812 4498 u.
836 4437 867 4498 l.¹
894 4436 931 4498 de
953 4436 1098 4499 desiderio
1119 4433 1201 4495 Laeli
1223 4433 1342 4495 Atimeti
1366 4431 1470 4511 optimi

189 4541 268 4616 ciris,
291 4561 322 4623 q.
345 4542 374 4604 d.
396 4561 423 4603 e.
446 4558 471 4602 r.
494 4542 515 4602 1.
538 4559 579 4621 p.‚
601 4539 630 4602 d.
653 4557 679 4601 e.
703 4556 728 4599 r.
750 4537 770 4599 i.
793 4537 848 4600 c.¹:
868 4537 875 4622 Ι
894 4538 967 4600 Cum
983 4538 1022 4600 11.
1035 4536 1153 4598 Laelius
1168 4536 1312 4598 Atimetus
1333 4535 1379 4596 rir
1399 4551 1470 4614 pro·

189 4642 329 4708 bissimas
350 4653 382 4708 et
402 4643 529 4724 singulis
550 4653 581 4705 et
602 4639 748 4705 universis
769 4639 859 4701 barus
886 4640 1006 4722 petierit
1026 4639 1057 4702 in
1081 4638 1187 4701 ordine
1210 4647 1327 4712 nostro,
1356 4636 1399 4698 uti
1420 4655 1470 4699 so·

189 4745 314 4810 larium³
344 4743 349 4828 Ι
378 4745 508 4819 aedifici,
538 4745 616 4825 quod
639 4742 750 4806 extruit
771 4743 801 4804 in
825 4741 1007 4818 transitorio,
1038 4742 1239 4804 remitteretur
1259 4739 1316 4804 sibi
1339 4758 1374 4802 ea
1395 4757 1470 4803 con·
