3502 5370
296 387 381 444 Tituli
399 388 569 458 pertinentes
587 386 623 442 ad
640 387 728 444 ludos.
747 417 782 427 -
798 388 980 458 Apperitoree
995 387 1122 444 ludorum
1133 386 1304 443 cireeneinm.
1374 387 1435 446 345

157 560 208 612 sed
217 560 246 615 P.
254 560 374 611 Annium
387 558 581 624 Chelidonium,
593 563 695 611 socium
707 559 832 612 uidelicet
841 561 916 611 Ateii
926 559 1063 626 Capitonis
1073 555 1122 621 (cs.
1135 562 1191 611 not.
1199 558 1240 626 2).
1250 587 1281 596 -
1297 557 1324 621 4)
1334 557 1439 610 Forma

158 650 262 698 celsata
280 644 384 696 indicat
405 648 522 695 aetatem
539 645 665 710 Auguste
685 647 712 695 si
733 660 787 696 nen
809 647 1003 710 antiquiorem,
1026 648 1096 695 certe
1119 658 1174 695 non
1190 645 1365 695 recentiorem
1383 642 1439 712 (ea-

158 731 218 782 dcsn
241 735 314 781 aetas
335 729 477 780 indicatur
498 731 573 781 Ateii
595 729 733 796 Capitonis
755 734 782 780 et
805 729 998 795 Vipsanius-um
1018 729 1172 780 nominibus
1195 727 1230 790 cs.
1248 728 1387 793 notit).
1405 756 1440 767 -

158 819 184 878 5)
204 814 257 880 Osce·
271 810 350 875 infra
367 816 466 881 scripti
481 818 554 868 sunt.
578 842 614 853 -
640 817 667 880 6)
689 814 782 866 Liberi
804 817 851 880 qui
871 812 986 875 suerunt
1007 817 1037 866 in
1055 816 1105 866 nac
1121 811 1230 874 familia
1251 817 1362 880 eccepto
1383 829 1439 864 uno

157 901 185 952 P.
200 899 328 965 Quinctio
345 899 446 964 Primo,
469 897 505 950 lt.
519 899 646 965 Vipsanii
662 904 749 964 mant,
770 897 890 961 sortasse
907 897 942 951 M.
954 900 1094 966 Agrippae
1111 899 1208 952 liberti.
1233 927 1266 937 —
1291 900 1317 962 l)
1339 897 1380 949 De
1397 899 1440 949 leis

157 986 291 1036 ministris
313 983 438 1036 ludorum
462 987 623 1036 circensium
646 982 683 1046 cs.
700 983 884 1036 Friedliinder
900 1000 945 1050 ap.
963 983 1127 1051 Marquardl
1144 984 1259 1036 Staaiso.
1277 981 1334 1034 111¹
1349 1000 1377 1050 p.
1387 984 1438 1035 iti

157 1075 214 1126 nol.
224 1072 295 1122 t.—
312 1070 338 1132 8)
357 1068 516 1121 Conditores
527 1066 679 1130 sardonum
696 1073 761 1120 sunt
773 1071 855 1120 eliam
867 1067 902 1121 N.
913 1070 992 1122 teet.
1003 1071 1070 1123 teos
1079 1085 1144 1135 req„
1172 1070 1197 1132 9)
1214 1068 1332 1120 medicus
1341 1066 1440 1129 sactio-

157 1159 201 1206 nis
218 1153 253 1209 N.
264 1155 341 1207 0000.
357 1181 391 1192 -
416 1157 457 1219 1οΙ
473 1153 561 1205 Loccis
579 1154 688 1205 videtur
706 1157 842 1206 oacaoisee
858 1157 963 1206 nomini
979 1154 1141 1219 recipiendo.

245 1289 331 1361 5314
374 1307 489 1375 (palma)
508 1292 629 1354 victoria
653 1290 659 1373 Ι
686 1292 913 1355 venetienorum
939 1291 945 1366 Ι
971 1310 1089 1373 semper
1113 1289 1118 1376 Ι
1143 1300 1260 1354 constet
1285 1289 1290 1374 Ι
1314 1293 1441 1355 feliciter

156 1392 343 1531 (pumilio-mae
365 1477 416 1538 (VI
434 1477 511 1530 icosi
533 1477 604 1528 uidit
622 1477 751 1546 Hannon).
779 1506 813 1516 —
839 1477 870 1530 In
896 1476 975 1529 titulo
997 1477 1142 1544 sepulcrali
1163 1478 1267 1528 urbano
1291 1477 1373 1530 inser.
1393 1476 1440 1530 Gr.

157 1563 235 1617 Siell
248 1563 308 1617 Ital
320 1562 388 1615 0005
406 1563 573 1628 adscriptum
591 1567 646 1614 est:
664 1557 695 1627 ἐς
711 1557 788 1618 taire
806 1556 1005 1626 Βενετιανούς,
1022 1562 1158 1634 Πρὶνκιπι
1176 1563 1231 1624 (cel
1249 1563 1407 1632 Πρίνκιπς).

244 1699 329 1770 5315
370 1721 466 1764 ....s
485 1697 490 1784 Ι
510 1695 681 1786 [officiales
700 1699 705 1785 Ι
725 1701 762 1762 ab
785 1719 835 1762 ara
857 1701 935 1763 Circi
954 1701 959 1784 Ι
985 1703 1101 1781 parenti
1119 1699 1126 1784 Ι
1145 1701 1318 1781 dignissimo
1337 1701 1343 1782 Ι
1363 1698 1439 1782 ...Ι

157 1806 263 1869 Biroti.
286 1820 331 1888 (in
349 1819 433 1871 lolem
449 1818 559 1883 imno)
578 1849 585 1865 .
603 1849 635 1865 ..
663 1802 668 1886 Ι
694 1803 916 1876 F1.eriet...‚
947 1803 952 1876 Ι
982 1803 1083 1866 Aelius
1104 1802 1275 1878 iacinthus,
1305 1803 1310 1886 Ι
1340 1803 1440 1866 Aelius

156 1907 323 1970 iacinctus
344 1909 376 1983 l.‚
396 1905 400 1990 Ι
421 1905 514 1968 Muri.
536 1905 632 1968 Neon.

245 2007 345 2060 Romae
362 2005 417 2076 (VI
429 2007 517 2060 steti
536 2030 570 2051 ιι
588 2003 696 2057 Notiaie
713 2005 788 2070 degli
804 2007 878 2057 scaci
894 2004 960 2058 0007
975 2021 1002 2071 p.
1014 2003 1083 2066 007).

247 2277 332 2350 5310
376 2275 426 2366 [0.]
451 2298 489 2342 m.
515 2285 521 2359 Ι
547 2281 761 2342 .....m01·ie
784 2279 1028 2343 catadromarius¹
1054 2279 1059 2362 Ι
1085 2273 1172 2364 [lodie
1193 2272 1356 2362 miminis,
1388 2278 1439 2357 qui

157 2385 321 2447 catedram.
341 2381 346 2466 Ι
368 2379 551 2470 [decucurrit]
575 2381 712 2447 CCXXVI
734 2383 764 2444 in
788 2376 913 2444 Glauee²
940 2395 1063 2464 palma).

248 2483 348 2536 llcmae
370 2483 407 2535 ad
430 2484 458 2537 S.
477 2485 629 2537 sebastiani
649 2498 704 2549 rep.
730 2481 785 2549 (VI
798 2482 877 2534 00007
895 2481 1001 2532 Hencen
1022 2481 1090 2533 vidit
1109 2480 1256 2549 eclypsim).
1282 2507 1318 2518 -
1345 2481 1370 2543 1)
1389 2478 1442 2544 Qui

155 2587 206 2638 per
225 2570 412 2622 catadromum
430 2570 587 2622 descendere
608 2570 704 2621 solitus
721 2573 762 2620 est
783 2565 999 2636 (funambulus),·
1025 2564 1060 2629 cs.
1078 2566 1141 2632 mg.
1158 2566 1198 2630 00,
1215 2567 1240 2630 0,
1255 2567 1304 2628 00,·
1330 2563 1442 2617 Sueton.

157 2654 223 2708 Ner.
238 2654 278 2720 00,
296 2653 351 2705 Dio
361 2654 401 2718 60,
415 2656 454 2708 07.
465 2684 501 2695 -
519 2658 544 2721 2)
561 2655 666 2708 Nomen
683 2656 745 2720 equi
762 2668 817 2703 esse
835 2655 949 2704 coniecit
966 2651 1086 2717 Hennen,
1103 2655 1148 2703 cui
1163 2650 1282 2702 insidens
1298 2649 1345 2701 ille
1362 2649 1442 2701 decu-

158 2743 290 2803 currerit,
307 2745 341 2791 ul
357 2739 497 2807 elephanto
515 2755 594 2808 eques
612 2756 628 2791 a
647 2739 776 2792 Suetonio
793 2742 821 2789 et
837 2736 926 2789 Diem
942 2739 1010 2798 (nol.
1021 2737 1049 2800 0)
1066 2740 1236 2789 memoratur.
