3546 5378
463 377 549 435 Tituli
560 378 748 450 munlclpnles.
760 409 795 422 -
809 379 869 438 Lex
882 380 1024 452 municipii
1035 381 1206 452 Salpensani.
1412 379 1476 444 stt

240 551 277 614 lt.
322 550 369 614 llo
390 552 475 616 iure
496 555 629 634 praei,
655 553 716 632 qui
739 571 755 615 a
778 552 877 617 llrir.
901 553 1062 618 relictus
1083 553 1167 639 sit!

282 669 369 734 XXV.
412 671 458 734 Er
479 671 576 736 llviris
599 673 649 753 qui
671 673 702 735 in
725 692 762 736 eo
784 674 948 756 municipio
970 674 990 736 i.
1009 673 1061 736 d.¹⁴
1083 674 1146 756 p.¹⁸‚
1169 684 1236 737 uter
1257 684 1359 757 postea
1382 695 1418 739 er
1440 696 1475 739 eo

196 774 361 856 municipio
382 775 588 857 proficiscetur
613 771 618 859 Ι
644 792 742 855 neque
765 795 801 838 eo
823 777 871 840 die
896 777 927 839 in
949 777 979 839 id
1003 777 1187 859 municipum
1200 785 1264 853 (ste)
1287 797 1406 842 essese
1428 797 1476 842 re·

195 876 326 939 diturum
356 876 556 959 arbitrabitur,
586 895 676 958 quem
701 877 707 961 Ι
736 879 919 958 praelectum
946 879 1090 961 municipi
1119 899 1181 942 non
1210 879 1358 943 minorem
1385 899 1475 962 quam

195 997 342 1042 annorum
365 977 467 1040 XXXV
491 998 527 1042 ex
552 978 557 1062 Ι
581 979 794 1044 decurionibus
816 981 1054 1062 conscriptisque
1075 981 1245 1063 relinquere
1265 982 1358 1057 volet,
1386 985 1475 1046 facito

193 1092 228 1142 ut
249 1082 275 1144 is
296 1082 374 1144 iuret
394 1099 449 1162 per
473 1077 479 1166 Ι
503 1082 601 1144 lovem
624 1091 654 1144 st
674 1081 772 1143 divom
795 1085 871 1163 Aug.
895 1093 925 1145 et
946 1073 1026 1146 diurn
1046 1087 1110 1156 (ete)
1137 1083 1290 1148 Claudium
1319 1095 1349 1147 et
1376 1085 1474 1147 divom

194 1182 282 1264 Vesp.
309 1193 340 1246 et
367 1184 464 1246 divom
495 1180 500 1268 Ι
530 1184 628 1248 'litum
651 1185 725 1264 Aug.
755 1193 786 1248 et
807 1183 936 1248 Genium
965 1185 1036 1267 imp.
1064 1185 1197 1248 Caesaris
1218 1185 1377 1250 Domitiani
1399 1189 1475 1268 bug.

194 1287 325 1367 deosque
347 1280 511 1373 P[e]nates:
532 1285 537 1370 Ι
557 1305 633 1368 quae
654 1287 767 1350 llviri²'
789 1289 840 1368 qui
862 1289 881 1350 i.
896 1287 949 1350 d.¹⁴
971 1289 1035 1370 p.¹⁷,
1056 1290 1085 1351 b.
1101 1289 1121 1352 l.
1143 1291 1241 1352 lacere
1265 1301 1411 1373 oporteat
1432 1311 1475 1366 se,

194 1388 265 1450 dum
287 1388 455 1466 praefectus
476 1389 546 1464 erit,
575 1390 603 1451 d.
628 1385 704 1475 [t.]¹·
726 1409 801 1471 quae
823 1409 859 1452 eo
890 1389 895 1475 Ι
926 1401 1061 1474 tempore
1083 1392 1147 1454 lieri
1177 1392 1294 1472 possint
1318 1394 1475 1469 iacturum,

195 1508 293 1570 neque
315 1490 454 1554 adversus
476 1510 510 1554 ea
534 1486 743 1577 [slacturuffl
764 1495 908 1556 scientem
928 1489 933 1577 Ι
958 1493 986 1555 d.
1010 1493 1089 1572 m.⁸⁰;
1118 1503 1238 1556 etcum
1261 1495 1301 1557 ita
1324 1495 1475 1571 iuraverit,

192 1593 377 1674 praelectum
399 1611 466 1656 curn
482 1593 546 1657 eius
560 1593 703 1676 municipi
719 1595 891 1675 relinquito.
935 1595 985 1658 li⁸¹
1005 1594 1009 1678 Ι
1030 1596 1081 1677 qui
1104 1597 1143 1658 ita
1164 1588 1334 1677 praelectus
1355 1598 1476 1661 relictus

193 1695 259 1768 erit,
282 1695 380 1757 donec
401 1695 432 1758 in
456 1696 484 1758 id
508 1696 703 1778 municipium
725 1697 866 1760 alteruter
891 1715 928 1759 ex
949 1697 1047 1761 iiviris
1079 1697 1084 1782 Ι
1111 1698 1251 1774 adierit⁸¹‚
1280 1699 1311 1762 in
1335 1699 1476 1763 omnibus

193 1797 285 1860 rebus
306 1797 336 1860 id
358 1797 404 1860 ius
421 1793 541 1883 e[o]que
563 1808 695 1881 potestas
710 1807 783 1874 esto,
811 1807 1021 1880 praeterquam
1043 1801 1080 1864 de
1095 1798 1254 1886 praeieclto
1278 1803 1474 1884 relinquendo

193 1899 281 1962 etde
303 1917 330 1961 c.
346 1898 405 1961 ΒΡ
426 1901 647 1981 consequenda,
670 1901 750 1982 quod
765 1901 812 1964 ius
827 1919 963 1982 quaeque
984 1911 1115 1984 potestas
1136 1903 1165 1964 b.
1182 1903 1201 1965 l.
1224 1903 1306 1968 llviri
1329 1905 1388 1967 in⁸⁴-
1410 1905 1475 1967 iure

192 2003 323 2066 dicundo
346 2013 509 2084 praeerunt
530 2002 627 2066 datur.
670 2003 759 2084 laque
780 2004 851 2065 dum
873 2003 1040 2084 praefectus
1062 2005 1120 2068 crit
1147 2004 1354 2089 quoltiensque
1375 2007 1475 2069 muni·

192 2105 303 2186 cipium
326 2123 463 2186 egressus
485 2105 551 2182 erit,
577 2124 616 2168 ne
639 2106 707 2186 plus
729 2124 818 2186 quam
839 2105 966 2186 singulis
988 2106 1093 2170 diebus
1114 2106 1226 2170 abesto.
1248 2107 1252 2190 Ι

234 2241 271 2302 R.
306 2240 356 2304 De
378 2243 461 2304 iure
483 2241 647 2305 iurando
670 2241 772 2304 llvir.
795 2255 831 2305 et
853 2241 965 2304 aedil.
989 2252 1027 2305 et
1048 2243 1125 2326 q.⁸‘{
1160 2250 1162 2254 ’

276 2359 377 2422 XXVl.
422 2361 552 2437 lluovir.‚
575 2363 628 2444 qui
651 2363 680 2425 in
697 2380 733 2424 eo
749 2362 913 2444 municipio
938 2357 982 2448 [ιζΙ
1007 2363 1035 2424 d.
1054 2361 1117 2444 p.¹⁸,
1140 2364 1209 2426 item
1232 2365 1369 2429 aediles'¹
1391 2367 1421 2428 in
1439 2384 1474 2428 eo

191 2463 355 2543 municipio
377 2473 457 2540 sunt,
479 2465 551 2527 item
571 2464 576 2548 Ι
596 2475 770 2546 quaestores
792 2466 843 2545 qui
866 2465 897 2526 in
920 2483 956 2526 co
977 2465 1140 2546 municipio
1164 2477 1243 2540 sunt,
1266 2485 1370 2530 eorum
1393 2468 1475 2550 quis·

191 2584 250 2645 que
272 2565 302 2628 in
326 2564 431 2629 diebus
453 2568 557 2649 quinq.
577 2565 582 2651 Ι
608 2567 763 2649 proxumis
784 2575 853 2647 post
874 2567 904 2629 h.
927 2567 970 2629 l.⁸⁸
992 2567 1100 2641 datam,
1129 2568 1240 2649 quique
1262 2569 1343 2632 llvir.
1367 2570 1475 2657 aediles

190 2676 397 2749 quaestoresve
412 2678 514 2751 postca
530 2689 567 2732 ox
588 2671 617 2732 b.
634 2670 653 2732 l.
672 2668 678 2753 Ι
699 2671 904 2743 creauerunt,
928 2687 1033 2731 eorum
1056 2669 1182 2750 quisque
1204 2671 1235 2732 in
1258 2671 1363 2735 diebos
1384 2673 1474 2753 quin-

191 2788 249 2850 que
270 2772 434 2853 proxumis,
456 2791 492 2834 ex
515 2791 575 2853 quo
598 2773 669 2835 llvir
694 2771 700 2855 Ι
729 2771 866 2834 aedilcs”
888 2780 1027 2852 quaestor
1048 2791 1113 2834 esse
1136 2775 1279 2855 coeperit,
1299 2775 1474 2858 priusquam

191 2873 370 2936 decuriones
391 2876 590 2957 conseriptire
616 2875 628 2957 Ι
655 2874 829 2954 habeantur,
858 2875 976 2936 iuranto
1000 2893 1054 2955 pro
1078 2876 1218 2937 contione
1249 2896 1302 2958 per
1324 2876 1422 2940 lovem
1445 2888 1476 2940 et

192 2976 273 3036 dium
292 2981 355 3051 (sio)
377 2977 452 3058 Aug.
476 2986 506 3040 et
527 2978 624 3039 divom
647 2976 809 3066 Claudilum
833 2986 862 3038 et
884 2977 980 3039 divom
997 2977 1209 3057 Vespasianum
1227 2981 1300 3060 Aug.
1326 2992 1356 3042 ct
1376 2979 1473 3042 divom

191 3075 290 3138 Titum
313 3081 387 3159 dog.
410 3087 441 3140 et
463 3077 589 3142 Genium
612 3079 772 3141 Domitiani
792 3075 797 3162 Ι
817 3078 891 3158 Aug.
915 3078 1046 3156 deosque
1061 3077 1200 3140 Penates:
1222 3098 1264 3152 se,
1289 3081 1474 3162 quodquam·

192 3179 280 3259 quc⁴⁰
302 3199 338 3241 ex
359 3180 389 3241 b.
412 3180 431 3242 l.
455 3181 600 3261 exquod¹¹
623 3199 656 3242 re
678 3181 831 3243 communi
853 3199 892 3241 m.
916 3178 980 3240 m.⁴¹
1002 3177 1081 3240 Flavi
1110 3176 1115 3261 Ι
1146 3179 1320 3259 Salpensani
1343 3191 1473 3257 censeat,

192 3289 273 3343 recte
296 3300 361 3344 esse
382 3283 547 3358 iacturum,
575 3283 694 3346 necve⁴⁸
715 3283 855 3344 adversus
877 3282 906 3343 b.
929 3280 972 3343 l.⁸⁸
1000 3297 1099 3342 remre
1121 3275 1344 3368 commulnem]
1373 3283 1473 3345 muni·

191 3383 291 3464 cipum
314 3385 379 3446 eius
393 3385 535 3466 municipi
558 3386 706 3448 iacturum
728 3384 872 3448 scientem
895 3384 925 3447 d.
940 3379 1016 3457 m.’⁰‚
1039 3402 1175 3464 quosque
1190 3381 1363 3470 probilbere
1380 3385 1475 3467 possit

190 3485 426 3567 prohibiturum,
457 3506 555 3568 neque
577 3508 609 3552 se
631 3489 717 3551 aliter
738 3487 896 3550 consilium
918 3486 1087 3548 habiturum
1116 3505 1184 3566 neq.
1207 3487 1293 3548 aliter
1311 3483 1316 3570 Ι
1336 3487 1472 3550 daturum

192 3606 291 3668 neque
306 3589 483 3652 sententiam
499 3589 661 3666 dictorum,
685 3608 773 3670 quam
796 3584 880 3676 u[t]⁴⁴
903 3591 932 3653 h.
949 3589 969 3651 l.
984 3589 1109 3669 erqua⁴⁸
1130 3607 1163 3651 re
1178 3592 1328 3652 communi
1348 3589 1354 3674 Ι
1373 3591 1473 3652 muni-

193 3691 292 3772 cipum
322 3691 387 3754 eius
415 3691 560 3773 municipi
589 3701 711 3756 censeat
739 3694 813 3755 lore.
858 3693 916 3765 Qui
945 3691 984 3754 ita
1013 3710 1074 3754 non
1104 3691 1257 3766 iuraverit,
1289 3693 1314 3754 is
1342 3676 1439 3755 HSX
1464 3688 1472 3778 Ι

193 3793 394 3874 municipibus
416 3793 480 3857 eius
494 3796 638 3877 municipi
660 3796 689 3857 d.
705 3793 759 3856 3.*θ
781 3804 853 3866 esto,
876 3795 1000 3874 eiusque
1016 3795 1161 3874 pecuniae
1184 3794 1280 3875 deque
1296 3812 1329 3857 ea
1344 3797 1472 3877 pecunia

192 3894 385 3980 mulnicipum
399 3898 463 3959 eius
478 3898 621 3980 municipi
644 3897 722 3960 cui⁴¹
744 3898 831 3972 volet,
855 3897 964 3976 cuique
979 3914 1033 3978 per
1048 3896 1126 3958 banc
1141 3896 1236 3976 legem
1260 3897 1372 3971 licebit,
1395 3899 1472 3961 actio

191 3995 305 4084 petiltio
327 4001 496 4080 persecutio
519 4009 593 4063 esto.

278 4256 321 4320 23)
338 4255 494 4307 hamat.
520 4283 555 4294 -
582 4257 624 4319 26)
643 4254 701 4308 Scr.
719 4253 787 4307 llvir.
806 4252 983 4320 (duoviratus).
1004 4279 1039 4290 -
1067 4252 1111 4318 ut)
1128 4253 1244 4306 haaert.
1269 4281 1300 4292 —-
1328 4255 1371 4319 28)
1389 4253 1473 4306 Dum·

191 4344 271 4393 taam
287 4338 322 4406 (d.
333 4355 360 4408 p.
375 4340 443 4408 aes).
455 4369 487 4378 -
507 4341 551 4405 23)
568 4347 684 4393 acturum
703 4354 755 4390 aar.
767 4367 802 4378 -
820 4340 862 4401 30)
881 4338 951 4389 Boio
968 4335 1049 4391 anolo.
1060 4363 1096 4376 -
1113 4338 1157 4401 31)
1174 4336 1234 4389 Ser.
1252 4338 1331 4392 ei.-
1349 4340 1393 4403 32)
1413 4339 1471 4393 Scr.

191 4423 303 4480 redierit.
324 4453 359 4466 -
385 4427 430 4489 33)
449 4425 564 4478 civitate
581 4423 711 4478 Romano.
732 4451 767 4464 ·-
794 4425 838 4488 34)
856 4421 912 4474 Ser.
930 4421 1014 4474 llriris
1032 4421 1085 4490 qui.
1111 4449 1146 4461 -
1172 4423 1215 4488 tt)
1234 4422 1420 4488 monumen.
1437 4453 1472 4463 -

191 4511 234 4576 33)
251 4511 436 4564 haemat—
454 4512 499 4577 at)
514 4511 606 4564 Imm
623 4511 675 4578 qui.
694 4537 727 4548 —
746 4509 789 4572 38)
807 4509 885 4560 Hunc
897 4507 1033 4573 lapsam-
1051 4507 1094 4569 33)
1113 4506 1172 4561 Ser.
1184 4506 1284 4562 aedilis.
1300 4535 1332 4548 -
1350 4510 1394 4573 40)
1411 4507 1470 4562 Ser.

191 4595 384 4665 quodcumque,
413 4598 458 4661 41)
481 4609 574 4664 exque.
603 4625 636 4634 -
666 4597 710 4659 42)
730 4594 898 4661 Municipem
924 4593 1075 4658 municipii.
1103 4619 1138 4631 -
1166 4594 1210 4658 43)
1234 4591 1293 4645 Ser.
1316 4607 1408 4661 neque.
1437 4621 1471 4632 —

190 4683 233 4747 44)
250 4680 341 4732 irtam
358 4697 398 4734 ex.
415 4709 450 4720 -
467 4683 511 4747 lb)
529 4681 588 4736 Ser.
605 4695 697 4749 exque.
713 4707 748 4719 -
772 4680 816 4745 46)
832 4679 908 4731 Dore
925 4677 1045 4730 dannot.
1062 4705 1097 4716 -
1119 4680 1163 4743 lt)
1181 4677 1240 4731 Ser.
1256 4679 1300 4747 qui
1320 4677 1369 4742 (cs.
1386 4695 1472 4747 supro

190 4765 224 4818 Ν.
235 4766 301 4820 3087
320 4770 376 4820 aot.
387 4767 434 4831 tt,·
455 4771 527 4819 recte
545 4766 590 4818 lete
608 4765 704 4820 Malao.
726 4781 783 4832 cop.
795 4767 852 4831 dd).
