3502 5370
157 325 237 382 Tituli
254 327 423 398 pertinentes
440 329 476 383 sd
493 327 582 384 ludos.
594 359 629 369 -
651 329 678 385 S.
691 345 716 385 c.
728 330 763 386 de
775 331 930 402 sumptibus
944 331 1071 387 ludorum
1083 333 1315 402 gladiatoriorum.
1369 336 1431 395 313

154 499 235 579 sequi
264 518 296 560 se
323 501 512 580 oportebit⁵',
546 501 691 576 datiam,
725 502 776 583 qui
800 523 860 565 non
884 504 989 566 sortito
1017 507 1185 586 provincias
1214 504 1219 592 Ι
1250 509 1301 588 (oe)
1316 521 1430 590 regant,

154 603 228 664 intra
251 621 374 664 annum.
659 606 662 614 ’

235 705 289 781 (56)
303 705 346 766 ld
370 705 477 769 Gallias
498 707 582 768 sedet
604 707 781 788 princeps⁵⁹‚
810 707 861 787 qui
884 707 914 768 in
939 707 1106 771 civitatibus
1127 710 1431 800 splendidissimarum

154 805 312 868 Galliarum
343 809 434 870 veteri
466 827 550 871 more
583 822 613 872 et
640 827 725 872 sacro
757 809 818 890 ritu
852 818 1056 889 expectantur,
1089 830 1127 873 ne
1159 813 1302 894 ampliore
1335 817 1431 896 pretio

154 907 338 988 (tt)lanistae
355 911 527 990 praebeant,
543 930 630 991 quam
648 908 727 973 binis
742 910 898 986 milibus⁸⁰‚
914 931 981 974 cum
997 913 1115 975 maximi
1130 914 1282 995 principes
1296 919 1431 981 oratioue

152 1029 202 1072 sua
227 1009 441 1090 praedixerint,
471 1014 536 1074 lore
558 1021 593 1074 ut
614 1013 783 1075 damnatum
806 1013 841 1074 ad
863 1014 991 1092 gladium
999 1016 1020 1049 ⁸¹
1039 1014 1045 1097 Ι
1065 1017 1116 1096 (58)
1128 1027 1306 1096 procurator
1326 1039 1430 1083 eorum

154 1112 208 1174 nisi
231 1113 318 1194 plure
341 1130 430 1192 quam
454 1133 504 1176 sex
526 1115 625 1178 aureis
648 1126 677 1177 et
700 1116 756 1178 nisi
780 1116 958 1178 iuraverit&

236 1213 287 1295 (td)
300 1213 474 1277 Sacerdotes
496 1234 616 1297 quoque
638 1218 868 1298 provinciarum,
891 1219 1000 1298 quibus
1024 1213 1160 1306 nuliu[m]
1184 1216 1275 1308 cu[m]
1292 1222 1432 1286 lanistisi'

153 1313 319 1403 neqo[tissm
348 1311 432 1401 eri]t‚
461 1317 637 1398 gladiatores
665 1339 680 1380 a
710 1319 861 1400 prioribus
884 1320 1088 1384 sacerdotibus
1115 1319 1249 1406 susi-(60)
1262 1335 1365 1405 coptos
1386 1327 1432 1388 vel

151 1419 270 1482 sibimet
292 1429 462 1481 auctoratos
484 1420 642 1500 recipiunt,
666 1431 696 1483 at
716 1433 787 1502 post
808 1417 1014 1509 editi[o]ne[m]
1029 1443 1065 1485 ex
1079 1419 1200 1510 p[re]tio
1222 1426 1252 1488 in
1268 1413 1431 1490 succeden-

152 1534 197 1584 tes
225 1515 442 1607 tra[mi]t[t]unt
475 1539 573 1602 neque
601 1523 770 1602 singulatim
798 1522 924 1604 aliquem
956 1523 960 1607 Ι
991 1527 1042 1603 (ot)
1057 1527 1316 1606 rei-gladiatoriae
1344 1548 1431 1592 eausa

152 1623 261 1685 vendat
284 1624 369 1704 plure
392 1641 481 1704 quam
502 1623 617 1687 lanistis
640 1637 684 1688 est
704 1626 832 1707 pretium
854 1626 1075 1706 persolutum⁸⁴.

239 1726 293 1804 (62)
307 1725 334 1788 ls
353 1735 460 1800 autem,
484 1725 535 1805 qui
556 1736 628 1807 aput
650 1726 803 1790 tribunum
826 1727 923 1809 plebei
947 1747 973 1790 c.
996 1748 1023 1793 s.
1044 1711 1152 1809 sponte
1174 1731 1210 1792 ad
1231 1730 1430 1795 dimicandum

154 1827 381 1908 profitentium
404 1845 472 1889 cum
493 1825 600 1890 habeat
623 1847 658 1890 ex
680 1830 745 1910 lege
767 1831 895 1912 pretium
919 1832 978 1892 duo
999 1831 1087 1902 milia.
1109 1832 1251 1916 liberatus
1272 1834 1298 1895 si
1319 1833 1431 1917 decul-

152 1931 284 2009 (oeimen
307 1930 523 2004 instauraverit,
554 1929 716 1993 aestimatio
738 1932 803 1994 eius
824 1942 892 2013 post
912 1933 968 1995 hac
990 1933 1049 1996 lie
1066 1917 1129 1995 iti
1146 1954 1207 1997 nou
1230 1933 1360 1996 excedat.
1404 1937 1432 1999 ls

152 2051 272 2114 quoque
296 2032 346 2113 qui
371 2032 474 2095 senior
495 2041 583 2111 atque
605 2031 744 2094 inabilior
769 2053 890 2116 operans
913 2054 995 2098 suam
1019 2036 1118 2098 denuo
1138 2034 1143 2118 Ι
1164 2081 1269 2098 .....

238 2151 326 2215 Prope
343 2149 465 2202 italicam
481 2149 607 2200 Baeticae
628 2165 685 2216 rep.
702 2167 728 2205 a.
746 2150 821 2216 1888,
843 2153 936 2204 tabula
955 2168 1048 2218 aenea,
1071 2157 1126 2205 iam
1143 2153 1251 2205 diatriti
1268 2151 1312 2220 (11
1326 2153 1353 2208 S.
1364 2155 1432 2207 6278

153 2233 187 2296 es.
199 2251 230 2302 p.
242 2233 324 2288 itii*
346 2235 416 2286 cidit
432 2235 570 2297 Hminem·
590 2237 709 2302 primum
727 2238 800 2288 edita
819 2242 858 2288 est
879 2238 937 2304 epis.
956 2254 995 2303 ep.
1011 2239 1071 2304 ip.
1086 2238 1200 2305 conseq.
1224 2253 1285 2290 aum
1302 2253 1432 2290 cammen-

152 2323 223 2372 tario
240 2319 419 2387 diamani).
449 2320 568 2371 Pertinet
586 2320 680 2372 tabula
697 2322 904 2374 adsentantium
922 2323 1021 2375 dictam
1039 2340 1056 2373 a
1073 2328 1198 2376 senatore
1215 2324 1344 2390 modam,
1361 2329 1431 2390 post-

152 2421 230 2472 quam
249 2407 337 2456 oratio
354 2405 511 2472 principum
529 2402 578 2467 (cf.
592 2409 648 2458 not.
660 2406 702 2460 12.
715 2407 761 2476 ti)
780 2409 814 2459 de
829 2408 1001 2460 moderandis
1018 2410 1167 2474 sumptibus
1185 2407 1310 2460 ludorum
1324 2409 1431 2474 gladia·

153 2494 286 2543 terim
302 2493 333 2541 in
345 2494 442 2541 senatu
459 2491 577 2541 ncitata
595 2496 641 2543 est.
671 2491 707 2544 11.
719 2493 869 2557 Aurelium,
880 2522 915 2532 —
926 2509 990 2544 nam
1002 2495 1083 2546 iuius
1094 2499 1120 2545 et
1130 2493 1192 2559 lilii,
1209 2509 1286 2560 quern
1302 2493 1432 2560 collegam

153 2578 202 2627 sili
213 2576 413 2643 adsumpserat,
430 2575 538 2625 nomine
550 2578 700 2626 orationem
716 2577 792 2630 illam
809 2578 846 2629 ad
861 2583 984 2630 smsatum
1000 2581 1109 2629 missam
1127 2592 1182 2629 esse
1199 2583 1312 2646 apparet
1328 2595 1363 2630 ea
1380 2581 1432 2634 enti

154 2659 200 2726 (es.
213 2665 273 2714 not.
284 2659 325 2728 2),
337 2688 371 2698 —
387 2657 558 2724 ‘gladiatorii
575 2664 694 2711 muneris
710 2667 831 2729 sumptus
847 2664 955 2715 modum
972 2656 1080 2725 secisse’
1102 2668 1238 2715 narratur
1254 2667 1284 2715 in
1302 2666 1357 2716 cita
1375 2667 1433 2715 eius

153 2747 219 2809 eno
237 2743 276 2807 es.
288 2744 328 2808 11,
339 2746 363 2798 i.
376 2773 408 2783 -
430 2746 455 2810 1)
471 2746 594 2810 Apparet
611 2749 719 2796 tertiam
737 2747 779 2797 uel
795 2751 919 2812 quartam
934 2753 1041 2814 partem
1059 2749 1130 2800 lueri
1142 2750 1303 2801 anamma
1313 2748 1379 2813 fiseo
1390 2752 1432 2800 in-

151 2829 218 2891 ies-ri
228 2830 366 2891 debuisse5
385 2831 459 2896 quod
472 2831 599 2895 vectigal,
617 2831 694 2881 nodis
712 2831 821 2882 aliunde
838 2835 971 2898 ignotum
989 2833 1097 2885 Marcus
1108 2837 1134 2886 et
1146 2833 1303 2887 Commodus
1318 2834 1431 2886 mutule-

152 2919 220 2967 rurst.
238 2944 272 2954 -
293 2917 319 2978 2)
336 2913 398 2966 Luci
417 2914 709 2981 (noreganorum,
726 2921 798 2967 reete
814 2918 872 2968 sine
889 2916 982 2986 dubio)
1001 2918 1133 2970 Commodi
1150 2934 1249 2971 rasura
1267 2920 1431 2986 temptatura.

153 3003 270 3068 Apparet
294 2999 466 3052 Commodum
490 3000 538 3052 illo
562 3004 680 3066 tempore
702 3000 830 3066 colbgam
850 3004 938 3068 patris
960 3005 990 3053 in
1007 3005 1120 3070 imperio
1138 3003 1239 3068 sairam·
1264 3001 1321 3066 suit
1342 3010 1432 3056 numm

152 3086 250 3152 collega
268 3086 360 3151 patris
378 3085 411 3136 ab
429 3102 455 3137 a.
466 3085 513 3136 177
531 3086 569 3137 ad
585 3102 610 3137 a.
622 3086 671 3138 180
689 3083 737 3153 (es.
755 3101 840 3152 supra
855 3084 891 3138 Ν.
902 3087 962 3140 att.
977 3089 1029 3140 888
1041 3091 1143 3153 nott).
1160 3117 1195 3128 -
1213 3092 1239 3154 3)
1256 3089 1353 3142 Fiscus
1369 3104 1432 3140 casa

154 3175 234 3223 tiones
250 3175 363 3235 exigere
379 3169 483 3221 solebat
501 3187 517 3221 a
538 3171 652 3234 lanistis,
670 3171 788 3237 verekai
803 3176 873 3222 reete
889 3172 1006 3223 solarium
1023 3175 1069 3226 iri.
1092 3202 1124 3212 —
1148 3177 1175 3238 4)
1193 3174 1251 3228 Sar.
1269 3189 1332 3241 pura
1351 3173 1431 3235 (Bue-

153 3257 257 3321 cisler).
274 3283 310 3294 -
328 3258 355 3319 5)
373 3256 509 3306 Annaeum.
525 3285 560 3296 -
583 3259 609 3321 6)
626 3256 742 3308 1000000
759 3255 802 3306 cei
817 3257 934 3308 8000000
949 3262 1009 3309 sest.
1028 3261 1171 3323 quotannis
1188 3259 1283 3322 fiscum
1300 3261 1431 3324 amittere,

154 3341 277 3407 uectigali
293 3342 412 3392 tarem
428 3341 543 3407 mileto,
561 3341 667 3392 indicat
684 3344 786 3394 orator.
799 3370 832 3378 -
852 3343 876 3406 i)
892 3339 1021 3393 Fortasse
1035 3357 1087 3396 scr.
1100 3344 1280 3410 patrimonium
1299 3343 1430 3412 (Bucen).

154 3454 181 3465 -
199 3429 226 3492 8)
245 3425 305 3478 Ser.
323 3427 427 3492 peratis.
447 3453 482 3464 -
505 3427 530 3490 s)
549 3425 653 3478 Earum
671 3441 741 3493 quae
757 3427 877 3477 nondum
895 3426 1034 3491 persoluta
1051 3432 1131 3479 erant
1146 3433 1250 3494 partem
1267 3429 1432 3480 debitoribus

155 3511 374 3563 condonaverunt
390 3513 574 3578 imperatores.
589 3539 624 3551 -
644 3513 684 3575 10)
704 3509 901 3576 intelleguntur
918 3511 1041 3575 mantne,
1058 3516 1116 3564 sine
1133 3515 1231 3580 quitsss
1246 3528 1359 3564 munere
1373 3514 1431 3579 ple-

156 3611 262 3663 ramque
274 3595 320 3645 edi
330 3609 386 3646 non
395 3599 532 3661 poterant.
540 3623 574 3634 -
594 3597 636 3661 11)
648 3595 777 3646 Fortasse
788 3612 839 3648 scr.
853 3597 960 3662 emergit
973 3595 1127 3663 (Hirsctfi).
1136 3626 1170 3636 -
1191 3587 1231 3663 12)
1248 3597 1289 3648 De
1302 3600 1431 3649 orationi-

158 3681 208 3744 lus,
230 3685 263 3733 ut
280 3680 446 3744 dicebantur,
466 3683 524 3731 sice
541 3681 640 3732 litteris
654 3682 812 3747 principum
829 3682 918 3732 missis
935 3682 973 3733 ad
986 3687 1107 3732 senatum
1125 3679 1202 3748 (Tac.
1219 3699 1281 3734 ann.
1294 3684 1321 3746 δ’,
1337 3685 1379 3736 00.
1389 3683 1430 3736 07.

157 3767 191 3830 ti,
200 3768 227 3829 7)
244 3768 337 3834 itique
346 3781 397 3832 per
408 3768 575 3831 quaestorem
587 3769 724 3833 principis
739 3767 852 3817 recitari
862 3766 951 3817 solitis
963 3765 1022 3832 (cit.
1035 3767 1118 3819 Hadr.
1129 3768 1149 3821 8
1161 3769 1221 3836 eet.)
1239 3767 1275 3828 cf.
1287 3765 1431 3820 Mommsen

159 3852 267 3905 Stsatsr.
286 3849 333 3903 11ι
348 3867 375 3917 p.
386 3851 444 3903 889.
466 3879 500 3890 -
526 3852 567 3915 18)
585 3853 708 3918 Apparet
725 3855 829 3918 tempus
846 3851 981 3916 quoddam
998 3855 1176 3903 intercessisse
1192 3855 1264 3904 inter
1282 3857 1432 3906 orationem

159 3938 345 4002 impacatorum
368 3939 509 3987 recitatam
532 3937 576 3988 rel
594 3935 700 4004 publici
721 3938 791 3988 iuris
811 3933 927 4001 factam,
954 3941 980 3986 et
1000 3939 1159 3989 sententiam
1181 3938 1251 3990 lanc
1272 3939 1379 3991 dictam
1396 3967 1432 3979 -

162 4023 200 4084 11)
214 4021 412 4087 intellsguntur
426 4021 577 4072 sacerdotes
588 4020 688 4073 nomae
699 4025 725 4072 et
736 4021 855 4087 Augrrsti
871 4039 887 4072 a
900 4024 987 4073 tribus
1001 4021 1095 4074 Galliis
1112 4025 1210 4088 menti,
1227 4021 1264 4084 cf.
1278 4021 1433 4086 Hirschfeld

162 4103 251 4158 att.
267 4105 336 4160 11111
347 4122 376 4172 p.
387 4106 449 4159 228.
475 4107 596 4173 Apparet
607 4109 637 4156 in
651 4104 739 4158 Gallia
756 4109 924 4172 potissimum
936 4112 1000 4159 tuna
1013 4110 1139 4176 temporis
1155 4113 1275 4174 sumptus
1290 4121 1431 4160 munerum

160 4188 381 4252 pudiatoriorum
391 4207 473 4256 supra
486 4192 593 4244 modum
606 4193 727 4244 ereoime.
750 4191 871 4244 Ceterum
881 4193 918 4244 ad
927 4190 1028 4244 Gallias
1039 4195 1150 4259 respicit
1158 4199 1253 4245 orator
1263 4196 1344 4244 etiam
1354 4190 1430 4254 infra

163 4275 228 4327 nid.
237 4303 270 4314 -
290 4279 332 4341 it)
349 4273 488 4328 Ninsirum
504 4275 562 4327 ludi
575 4275 751 4341 gladiatorii,
770 4280 818 4345 qssi
835 4294 851 4329 a
868 4277 1052 4331 sacerdotibus
1065 4275 1215 4329 Galliarum
1233 4280 1378 4344 quotannis
1388 4277 1432 4328 edi

163 4357 296 4428 deiciant,
316 4366 429 4430 propter
444 4365 567 4428 sumptus
584 4365 690 4413 tantum
707 4377 775 4413 onus
795 4365 955 4429 patrimonii
976 4365 1183 4425 constituerant,
1205 4367 1236 4414 ssi
1251 4362 1431 4414 sacerdotium

164 4443 291 4498 nalem
307 4447 387 4511 lierst
404 4450 430 4498 et
443 4462 499 4498 non
516 4451 612 4514 pauci,
634 4461 694 4498 cum
713 4449 798 4498 creati
819 4453 903 4500 essent
917 4448 1080 4511 sacerdotes,
1102 4447 1133 4498 id
1153 4446 1334 4499 detredarent
1353 4451 1380 4497 et
1396 4449 1433 4499 ad

164 4530 328 4595 impastam
342 4537 525 4599 provocarent
543 4530 595 4594 (cs.
607 4531 752 4584 Mommsen
769 4534 827 4599 apt.
840 4550 880 4599 ep.
890 4533 907 4586 7
917 4551 943 4600 p.
954 4535 1014 4586 008.
1024 4535 1095 4596 000).
1111 4560 1146 4571 -
1165 4534 1206 4597 16)
1222 4529 1431 4600 ‘Appellationes

167 4627 226 4677 quae
234 4616 268 4667 ad
275 4618 427 4669 sacerdotia
433 4609 583 4684 pertinent'
595 4622 726 4670 memorat
734 4634 857 4686 papyrus
869 4623 924 4670 iam
933 4619 1189 4684 BerotinensisAeg.
1199 4616 1262 4674 Urlr.
1271 4618 1301 4668 11
1307 4633 1332 4670 n.
1341 4618 1431 4670 018-

167 4697 407 4768 demessae-
422 4707 462 4768 17)
475 4701 516 4766 Cf.
530 4709 586 4756 nat.
595 4704 635 4756 10.
644 4731 679 4744 -
693 4705 734 4768 18)
748 4703 818 4755 Haec
829 4705 918 4756 minus
929 4709 992 4771 apte
1000 4706 1090 4772 posita
1102 4705 1135 4755 ad
1148 4709 1265 4768 oratore,
1277 4702 1312 4766 ef.
1321 4701 1431 4755 Momm-
