3580 5408
317 303 359 360 54
880 303 971 374 caput
988 301 1035 356 XI.

405 473 492 544 3411)
899 476 1018 550 sanctes

534 576 576 637 Ite
599 577 731 651 decuma,
755 576 864 652 Victor,
887 578 957 639 tibei
980 578 1090 640 Lucius
1112 577 1246 641 lluaius¹
1272 580 1385 642 donum

533 678 666 741 Moribus
688 679 835 758 anitqucis
858 698 912 759 pro
936 679 1045 742 usum‘
1072 681 1129 741 hoc
1151 680 1220 741 dare
1242 682 1327 742 sese¹
1342 718 1383 729 -

534 781 634 843 Visum
658 781 758 842 aalmo
780 800 835 842 suo
858 781 992 861 perfecit,
1014 792 1064 844 tua
1087 783 1177 862 pacc⁴
1200 801 1311 862 rogans
1334 792 1363 844 tc

504 882 687 961 ecogendei
710 882 924 944 dissolvendei⁵
952 895 985 945 tu
1008 894 1041 946 ut
1062 884 1157 946 facilia
1180 885 1313 957 IaxseIs⁶‚

537 984 676 1046 Perflcias
698 985 852 1046 decumam
876 996 909 1046 ul
931 987 1018 1048 faciet
1039 1005 1125 1049 verae
1147 986 1297 1058 rationis',

537 1085 655 1165 Proque
677 1086 735 1147 hoc
756 1096 844 1165 atque
867 1088 947 1150 allois
969 1089 1074 1151 doceis
1096 1089 1148 1150 des
1169 1088 1256 1166 digna
1281 1088 1414 1154 merenti.

628 1186 719 1253 (iuoeta
736 1187 844 1237 uidetur
860 1189 994 1254 sculptum
1014 1187 1099 1250 fuisse
1116 1187 1304 1254 sacrificinm).

407 1269 486 1322 Reate
502 1275 565 1322 ante
582 1269 721 1322 ecclesiam
744 1273 923 1324 cathedralem
940 1272 969 1334 (1
976 1275 1035 1326 ili.
1057 1273 1095 1326 III
1104 1274 1168 1326 tata
1187 1273 1272 1324 decor.
1289 1288 1359 1325 eaeo.
1372 1269 1427 1323 XV
1440 1273 1605 1338 Pomponius

321 1355 428 1419 Laetum
447 1372 462 1404 a
477 1371 529 1422 quo
541 1359 703 1420 acceperunt
717 1356 844 1421 plurimi,
862 1373 931 1410 coeo.
943 1356 1009 1409 XVI
1024 1359 1175 1423 complures
1187 1359 1242 1408 oin·
1254 1361 1282 1408 in
1295 1356 1467 1408 describendo
1479 1359 1606 1408 accurati

322 1445 347 1491 et
364 1442 516 1502 exercitui,
533 1443 566 1490 ut
576 1441 722 1492 Aoouroiuo
733 1446 760 1492 et
771 1442 906 1504 Budaeus,
922 1445 963 1494 ita
981 1447 1014 1492 ut
1031 1443 1063 1494 ale
1075 1443 1189 1494 lectione
1207 1441 1330 1508 constet).
1356 1439 1502 1492 Buecheler
1519 1457 1603 1492 carm.

322 1527 408 1591 epigr.
425 1526 522 1576 mit&
546 1553 581 1564 —
611 1527 634 1586 1)
653 1523 755 1577 Manlau
773 1529 821 1592 qui
838 1527 964 1578 uiderunt
981 1542 1070 1578 omnes
1093 1527 1177 1592 (unus
1198 1527 1360 1592 Pomponius
1383 1527 1450 1592 quid
1471 1528 1522 1578 leoc
1544 1527 1603 1577 loco

322 1609 421 1674 legerit
437 1625 492 1661 non
509 1613 576 1661 eatis
591 1610 716 1677 comtot),
732 1626 817 1677 neque
834 1612 988 1663 inauditum
1000 1611 1156 1664 Itoniae-um
1173 1626 1270 1663 nomen
1286 1614 1316 1661 in
1329 1609 1438 1662 Sabinis
1450 1609 1501 1679 (III
1512 1611 1608 1676 4274))

323 1693 445 1746 Mummii
456 1709 552 1746 nomen
564 1696 720 1746 introducit
735 1699 842 1763 primus
854 1697 949 1761 editor,
967 1712 1043 1762 quem
1055 1699 1140 1748 secuti
1156 1700 1220 1746 eunt
1230 1695 1331 1762 reliqui
1342 1711 1439 1758 omnes,
1458 1698 1608 1760 cogitantes

323 1779 355 1831 de
375 1779 404 1832 L.
414 1779 543 1831 Mummio
561 1782 669 1832 consulo
686 1785 773 1834 acm
790 1785 885 1848 (cupro
903 1780 938 1834 N.
950 1783 985 1833 20
997 1781 1072 1848 seq).
1107 1781 1161 1833 Sed
1177 1785 1206 1830 tn
1223 1783 1361 1846 priuatum
1379 1781 1520 1842 nominem,
1539 1795 1608 1830 mer·

221 1873 226 1884 ·
323 1869 442 1916 calorem
459 1868 640 1930 palummum,
659 1883 808 1932 cangeiaco-e
825 1883 902 1919 omne
919 1872 1108 1932 argumentum
1126 1868 1207 1916 leuius
1225 1868 1353 1916 carminis
1374 1867 1430 1916 iam
1447 1863 1609 1916 Itttoolaeliue

323 1951 475 2000 otoeruaoit
486 1949 618 2016 (aputut
634 1952 742 2020 pulvi).
759 1981 794 1990 —
813 1955 838 2017 2)
856 1952 902 2005 Sic
915 1968 1004 2004 omnes
1022 1955 1069 2018 put
1080 1950 1220 2014 viderunt5
1237 1950 1390 2018 promiserat
1408 1951 1473 2001 olim
1491 1951 1609 2001 coniecit

323 2032 468 2085 Mcmnueu
486 2034 566 2102 (quod
580 2042 645 2102 post
663 2037 712 2090 hoo
730 2041 845 2088 inseruit
856 2036 959 2089 Ilitmlel
976 2052 1036 2102 opp.
1047 2035 1148 2100 istit).
1171 2034 1290 2100 Decimo,
1309 2050 1389 2100 qnam
1401 2038 1567 2086 mercatores
1579 2050 1609 2084 re

324 2121 388 2170 lma
406 2125 484 2184 gesta
507 2121 618 2172 Herculi
640 2122 753 2173 reddere
774 2122 894 2173 saletam
916 2121 1049 2188 (liceret.
1066 2125 1118 2172 cat.
1134 2121 1196 2184 aa,
1209 2119 1261 2187 n),
1284 2125 1345 2187 opto
1366 2120 1421 2171 citci
1441 2121 1533 2186 potuit
1556 2118 1607 2168 deo

323 2203 403 2255 reddi
417 2221 469 2270 pro
487 2222 579 2259 muro.
597 2235 633 2247 -
654 2210 681 2272 3)
699 2207 835 2260 Sententia
856 2208 921 2271 liat,
945 2206 1025 2273 culpa
1042 2208 1102 2256 sine
1117 2206 1200 2257 etalio
1215 2210 1320 2272 poetae.
1337 2233 1370 2243 -
1394 2205 1420 2268 4)
1441 2203 1476 2255 Te
1492 2219 1546 2255 non
1564 2206 1608 2252 in·

324 2292 378 2340 utto
397 2289 488 2358 (Bne.)
515 2319 550 2330 —
577 2294 604 2354 5)
621 2289 782 2344 disolvendel
806 2289 927 2351 refertur
944 2308 980 2343 ατε
996 2293 1137 2358 Pomponii
1153 2289 1265 2341 aenean.
1291 2317 1326 2329 ·-
1353 2291 1377 2354 6)
1395 2290 1526 2341 meatur
1543 2287 1609 2338 Iter·

325 2373 411 2426 eutem
429 2375 546 2440 Munius,
569 2381 600 2425 ut
616 2375 773 2435 facultatem
790 2378 843 2427 sili
857 2378 985 2442 praebeat
1002 2375 1116 2440 cogendi
1133 2380 1160 2425 et
1176 2374 1346 2440 dissolvendi,
1368 2377 1398 2426 in
1415 2375 1512 2441 quibus
1529 2375 1610 2424 relus

325 2462 475 2523 negotiatio
493 2463 622 2512 consistit.
641 2489 675 2499 -
700 2465 724 2527 l)
741 2461 794 2512 Dei
810 2463 946 2514 ancilium
962 2463 1071 2513 inuocat
1087 2463 1117 2511 in
1135 2460 1315 2526 computanda
1333 2459 1457 2525 decuma,
1479 2474 1514 2509 ne
1530 2474 1610 2510 mor

325 2544 355 2594 in
372 2544 424 2593 Ieac
441 2558 471 2593 re
489 2545 622 2595 admissus
639 2544 737 2606 fraudi
753 2549 806 2598 eibi
822 2547 873 2605 liat
891 2546 979 2610 (mn.

410 2645 494 2717 3411
540 2651 578 2712 Μ.
595 2651 628 2712 Ρ.
645 2651 819 2715 Vertuleieis
842 2651 873 2713 C.
890 2652 922 2713 I.¹
945 2650 949 2732 Ι

603 2753 690 2825 Quod
712 2773 745 2816 re
766 2773 821 2817 sua
843 2748 1022 2840 &meldens
1044 2772 1131 2834 asper
1146 2757 1209 2827 (sio)
1230 2750 1235 2833 Ι
1255 2749 1369 2811 asseicla

604 2873 712 2935 parcns
733 2859 842 2919 ilmeas
860 2853 865 2940 Ι
885 2857 951 2919 hele
973 2857 1050 2917 vovit
1070 2864 1140 2917 voto
1162 2855 1220 2915 hoc
1239 2851 1243 2934 Ι
1263 2844 1382 2935 solutlo,

604 2952 734 3042 celeuma
757 2961 831 3020 lecta
850 2958 856 3043 Ι
876 2960 1015 3039 poloucta
1036 2956 1173 3018 leibcreis
1193 2951 1317 3038 labellos
1336 2958 1398 3029 (stc)

602 3059 684 3122 donu
706 3062 821 3123 danunt
839 3057 845 3143 Ι
865 3060 1001 3122 Herculei
1024 3076 1177 3120 maxsume
1196 3055 1201 3140 Ι
1222 3067 1343 3120 mereto.

604 3161 704 3224 Semol
727 3174 756 3225 te
776 3160 780 3244 Ι
801 3173 888 3225 orant
909 3180 941 3223 sc
961 3161 1019 3222 voti
1043 3159 1150 3222 crebro
1170 3157 1175 3244 Ι
1196 3160 1389 3221 condemnes.

414 3258 499 3311 Sorae
517 3259 551 3326 (1
565 3261 637 3315 ana.
659 3263 686 3314 X
699 3263 766 3316 5708
783 3261 887 3314 Ililoctl
909 3263 962 3316 tab.
981 3260 1079 3328 LIIa).
1115 3259 1185 3311 Suu
1202 3275 1294 3310 verme
1312 3258 1437 3311 Saturnii
1453 3259 1613 3310 interstitiis

327 3346 357 3395 in
375 3346 433 3410 ipso
452 3345 542 3411 lapide
558 3352 685 3413 separati.
714 3346 754 3410 Os.
767 3347 913 3399 Buecheler
931 3362 1012 3402 com.
1026 3348 1112 3412 epigr.
1124 3361 1151 3399 n.
1162 3347 1187 3396 i.
1215 3345 1262 3397 En·
1279 3344 1362 3396 simili
1380 3346 1500 3395 carmine
1513 3341 1607 3395 Satur·

327 3433 383 3495 nio,
401 3429 524 3482 dedicato
542 3434 575 3482 ab
593 3432 705 3495 Aufidio
724 3434 841 3499 quodam
859 3447 919 3484 oum
938 3431 1048 3484 Herculi
1064 3435 1164 3482 iterum
1182 3431 1320 3482 &mutam
1337 3429 1468 3494 redama,
1489 3431 1611 3493 superest

328 3513 368 3565 IX
381 3516 449 3568 3369
467 3518 513 3577 (-
527 3515 673 3568 Buecheler
690 3533 772 3570 carm.
791 3521 876 3583 epigr.
894 3533 921 3570 m.
932 3519 972 3579 li).
989 3545 1024 3556 —
1045 3519 1069 3578 1)
1086 3515 1122 3568 ai.
1141 3521 1167 3566 et
1184 3517 1212 3568 Ρ.
1226 3514 1367 3572 Vertuleii.
1387 3513 1450 3565 Gaii
1466 3513 1527 3576 tilii.

413 3634 501 3706 3413
523 3639 662 3702 Herculei
681 3636 687 3721 Ι
706 3640 737 3702 C.
750 3638 967 3702 Antesliustln.
979 3639 1000 3698 I.
1020 3635 1025 3720 Ι
1045 3657 1125 3699 cens.
1147 3635 1152 3719 Ι
1171 3638 1294 3700 decuma
1310 3638 1385 3698 lacta
1400 3637 1507 3698 ilerum
1528 3632 1533 3718 Ι
1553 3635 1611 3696 dat.

418 3735 516 3789 Tibure
534 3738 615 3802 (XIV
625 3741 692 3792 Siti
711 3743 752 3792 tie
768 3738 811 3792 uel
828 3745 870 3789 ter
888 3738 1024 3804 descripta
1043 3753 1111 3790 saec.
1129 3736 1244 3804 XVIII).

414 3855 501 3926 3413
531 3861 687 3924 Pallicias
709 3863 742 3924 Ρ.
764 3863 783 3924 l.
806 3861 938 3941 Regillus
960 3859 1031 3921 lecit
1056 3857 1060 3942 Ι
1086 3859 1142 3921 sibi
1164 3859 1217 3941 cil
1242 3860 1276 3921 P.
1300 3860 1384 3922 Ateio
1406 3858 1439 3923 P.
1463 3858 1481 3919 l.
1505 3857 1611 3931 Salvio,

329 3969 460 4039 patron„
480 3966 484 4041 Ι
506 3963 656 4041 pomario;
679 3964 703 4026 is
717 3973 762 4025 ter
777 3963 898 4025 Herculi
920 3961 1073 4023 decumam
1089 3961 1174 4036 Iecit;
1194 3960 1198 4045 Ι
1218 3962 1289 4024 viait
1309 3981 1380 4024 ann.
1393 3960 1452 4035 CII,
1475 3969 1505 4021 ot
1523 3958 1528 4042 Ι
1549 3959 1613 4022 Pri·

329 4079 394 4124 mae
417 4063 435 4124 l.
458 4081 529 4125 suec
551 4064 718 4127 carissImee
741 4075 771 4127 el
789 4063 795 4148 Ι
814 4065 914 4127 aceiae
934 4064 1023 4126 Iollae
1045 4064 1163 4145 petroni
1186 4064 1271 4125 flllac.

398 4163 484 4227 Prope
503 4162 630 4229 Capuam,
647 4182 720 4217 nunc
737 4164 854 4228 Neapoli
871 4164 910 4231 (x
924 4167 992 4219 5956
1010 4163 1081 4214 uidit
1098 4163 1261 4231 Mommsen).

399 4279 487 4352 3111
509 4285 674 4367 Pomponia
690 4249 1613 4363 Imm

1228 4383 1232 4477 Ι
1236 4405 1293 4482 prp
1308 4391 1402 4467 prati.

1160 4490 1323 4569 PomponIa
1334 4489 1368 4549 L.
1380 4490 1399 4550 t.
1412 4507 1488 4551 uxor
1502 4489 1614 4568 posuit.

403 4587 501 4640 Tibure
523 4587 604 4652 (XIV
615 4592 684 4644 siae
706 4590 783 4658 uidi).
822 4589 924 4642 Tabula
948 4591 1056 4643 uidetur
1080 4593 1238 4642 mnttnnime
1261 4588 1408 4640 donarium
1431 4606 1448 4640 o
1466 4589 1614 4654 Pomponio

331 4672 442 4725 Herculi
458 4674 582 4725 simulet
599 4677 745 4726 memoriae
761 4676 804 4726 uel
820 4675 918 4726 tenori
934 4679 1029 4727 mariti
1046 4681 1091 4727 sui
1108 4675 1268 4728 dedicatum.
