3546 5378
286 357 349 419 518
806 358 895 429 ceput
911 358 1003 413 XlllL

286 531 382 614 Q!
429 533 466 594 lt.
502 531 551 594 lle
574 533 864 596 intercessione
886 532 985 594 llvir.
1008 539 1044 593 et
1065 529 1199 593 aedil.⁴⁸
1222 525 1277 610 q.³⁶
1297 524 1302 607 Ι

370 635 484 698 xxvll.
528 634 893 706 titillationeque
920 643 971 697 aut
999 643 1172 714 quaestores
1202 632 1266 695 eius
1295 630 1437 710 municipi
1466 639 1567 703 erunt,

286 739 332 802 bis
352 738 433 800 llvir.
455 739 535 800 inter
564 733 570 821 Ι
599 755 631 800 sa
659 748 689 800 et
716 757 783 800 cum
805 738 911 819 aliquis
932 737 1107 798 alterutrum
1136 751 1241 796 eornm
1271 741 1323 795 aut
1348 741 1507 811 utrumque
1528 730 1566 792 ab

286 841 379 903 aedile
401 837 544 902 aedilibus
569 839 574 920 Ι
599 849 650 901 aut
672 839 872 919 quaestores⁴⁹
898 838 1105 920 quaestoribus
1126 833 1302 916 appellabit,
1329 834 1399 895 item
1422 832 1568 896 aedilibus

286 944 366 1005 inter
391 962 437 1018 se,
466 933 709 1021 ⁸‘'interlcedondi
738 943 769 1004 in
798 941 897 1004 biduo
925 958 1070 1022 proxumo
1102 956 1191 1019 quam
1219 936 1376 1018 appellatio
1403 936 1479 998 lacta
1511 937 1568 997 erit

286 1045 455 1127 poteritque
485 1040 490 1125 Ι
520 1044 679 1119 intercedi,
714 1045 793 1124 quod
822 1044 887 1106 eius
914 1043 1053 1105 adversus
1081 1041 1111 1102 b.
1133 1039 1153 1101 l.
1184 1059 1246 1102 non
1272 1040 1336 1120 llat,
1370 1048 1400 1100 et
1427 1039 1498 1100 dum
1528 1057 1567 1100 ne

287 1148 412 1229 amplius
426 1165 513 1228 qnam
529 1147 620 1208 semel
639 1145 646 1228 Ι
665 1147 791 1228 quisque
805 1165 909 1209 eorum
932 1146 962 1207 in
979 1144 1081 1206 eadem
1103 1162 1136 1205 re
1153 1143 1329 1224 appelletur,
1352 1142 1399 1204 ius
1420 1151 1567 1222 potestas-

287 1271 345 1332 que
359 1259 432 1324 esto,
457 1268 529 1311 nere
544 1250 611 1330 quis
630 1247 635 1328 Ι
654 1253 792 1312 adversus
814 1269 847 1312 ea
870 1247 1057 1329 quicquam⁸¹
1081 1247 1277 1308 intercessum
1295 1245 1360 1319 erit,
1383 1245 1481 1306 tacito.
1501 1243 1507 1326 Ι

329 1371 366 1431 R.
399 1370 449 1431 lle
471 1369 595 1431 servis
617 1368 715 1450 apud
737 1369 835 1431 llvir.
857 1365 1187 1431 manumittendis.
1207 1363 1212 1445 Ι

373 1469 501 1534 llllVlll.
545 1470 666 1549 Siquis
695 1472 851 1553 municeps
879 1469 1023 1550 municipi
1049 1468 1129 1530 Flavi
1152 1466 1342 1548 Salpensani,
1371 1467 1422 1547 qni
1445 1467 1570 1530 Latinus

288 1577 358 1646 erit.
392 1573 470 1654 apud
499 1572 591 1646 llvir,
621 1571 626 1655 Ι
657 1574 708 1652 qui
731 1575 797 1636 iure
826 1572 955 1635 dicundo
984 1580 1147 1653 praeerunt
1173 1571 1237 1632 eius
1260 1569 1418 1650 municipi,
1451 1588 1569 1632 servom

287 1697 373 1742 suom
401 1667 549 1740 servamve
570 1694 655 1737 suam
684 1674 690 1760 Ι
720 1695 757 1738 ex
784 1675 924 1738 servitute
952 1675 982 1737 in
1014 1675 1148 1737 libertate
1156 1673 1179 1706 ⁸²
1207 1672 1414 1736 manumiserit
1441 1672 1570 1734 liberum

288 1779 445 1842 liberamve
467 1796 532 1841 csse
554 1778 682 1853 iusserit,
702 1774 707 1861 Ι
726 1778 796 1840 dum
821 1797 859 1840 ne
881 1778 947 1857 quis
970 1776 1100 1858 pupillus
1123 1795 1197 1839 neve
1219 1794 1297 1856 qnae
1318 1776 1401 1856 virgo
1424 1776 1568 1838 mulierve

288 1881 353 1944 sine
375 1889 474 1943 tutore
496 1892 618 1942 anctore
645 1881 652 1964 Ι
682 1899 771 1961 quem
795 1898 918 1960 quamve
948 1879 1136 1942 manumittat
1165 1879 1293 1940 liberum
1315 1876 1474 1940 liberamve
1504 1897 1570 1941 esse

289 1982 403 2045 iubeat:
427 1983 478 2062 qui
501 1983 565 2064 ital
585 1983 785 2045 manumissus
806 1981 916 2044 liberae
939 2001 1003 2044 esse
1026 1981 1124 2044 iussus
1146 1982 1212 2055 erit,
1239 1980 1313 2043 liber
1335 1990 1409 2054 esto,
1432 1997 1571 2060 quaeque

289 2085 328 2145 ita
350 2083 529 2147 manumissa
560 2083 565 2168 Ι
594 2085 754 2147 liberare⁵⁸
781 2085 860 2146 iussa
883 2085 953 2157 erit,
982 2082 1074 2144 libera
1097 2092 1171 2156 esto,
1201 2083 1244 2144 uti
1273 2082 1325 2163 qui
1347 2083 1480 2164 optum⁸⁴
1504 2083 1571 2144 iure

290 2187 386 2249 latini
408 2185 539 2250 libertini
561 2183 656 2271 lilberi
678 2196 750 2250 sunt
771 2195 875 2260 erunt;
909 2184 1000 2247 tum⁸⁸
1026 2185 1124 2265 isqui
1146 2184 1245 2246 minor
1266 2182 1320 2244 xx
1341 2202 1489 2246 annornm
1513 2184 1571 2246 erit

289 2291 327 2350 ita
342 2289 537 2363 manumittat,
558 2284 563 2372 Ι
582 2289 607 2351 si
622 2307 741 2351 causam
764 2286 991 2350 manumittendi
1014 2286 1116 2349 iusta⁸⁸
1138 2305 1204 2348 esse
1226 2285 1251 2348 is
1267 2304 1410 2348 numerus
1431 2286 1570 2348 decurio·

290 2408 372 2464 num,
395 2409 449 2470 per
470 2407 558 2469 quem
579 2389 584 2470 Ι
603 2391 721 2453 decreta
744 2393 773 2453 b.
798 2391 816 2451 l.
839 2392 914 2451 lacta
938 2399 1000 2451 rata
1022 2399 1103 2456 suut.
1125 2388 1286 2450 censuerit.

330 2511 367 2571 lt.
405 2509 861 2593 betutornmdatione.l

373 2610 474 2674 lllllX.
519 2612 572 2675 Cui
594 2621 675 2675 tutor
698 2632 759 2676 non
783 2613 841 2675 erit
862 2612 1029 2674 incertnsve
1051 2612 1121 2684 erit,
1150 2611 1174 2672 si
1198 2610 1222 2672 is
1249 2604 1391 2696 e[a]re⁶⁶·
1414 2611 1572 2690 municeps

288 2715 432 2796 municipi
454 2714 534 2776 Flavi
556 2715 729 2795 Salpensani
761 2711 766 2799 Ι
797 2716 866 2790 erit,
895 2724 926 2776 et
945 2713 1049 2795 pupilli
1072 2712 1238 2795 pupillaeve
1261 2731 1322 2775 non
1346 2721 1449 2786 erunt,
1481 2724 1512 2774 et
1533 2713 1571 2774 ab

289 2816 397 2892 llriris,
427 2817 478 2897 qui
500 2817 520 2878 i.
544 2817 597 2882 d.²⁴
617 2817 670 2898 p.²⁸
693 2819 756 2880 eius
779 2817 938 2897 municipi,
968 2815 1184 2897 postullaverit,
1212 2815 1256 2876 uti
1278 2813 1336 2878 sibi
1357 2824 1486 2878 tutorem
1510 2815 1570 2888 det,

288 2919 401 2991 ‘'eum,
425 2937 513 2999 quem
537 2920 606 2982 dare
628 2919 715 2994 volet,
738 2919 950 2982 nominaverit:
978 2918 1079 2980 dum⁸⁸
1100 2918 1134 2992 is,
1154 2917 1158 3001 Ι
1179 2936 1195 2979 a
1218 2934 1278 2996 qno
1302 2917 1482 2998 postulatum
1506 2917 1570 2987 erit,

289 3021 350 3084 sive
365 3040 459 3084 unum
481 3022 541 3084 sive
556 3022 657 3103 plures
680 3021 809 3103 collegas
829 3019 1001 3096 babebit‘⁸⁸,
1024 3022 1061 3083 de
1077 3021 1211 3083 omnium
1234 3016 1424 3104 collelgarum
1447 3029 1571 3082 senten-

289 3125 346 3198 tia,
375 3124 426 3204 qni
448 3134 512 3186 tum
534 3125 564 3186 iu
589 3143 624 3186 eo
647 3124 811 3206 municipio
834 3125 946 3186 intrare
968 3124 1044 3186 lines
1065 3123 1210 3203 municipi
1237 3123 1301 3186 eius
1323 3121 1416 3198 erit⁸⁹,
1448 3119 1453 3203 Ι
1482 3141 1571 3185 cansa

291 3227 419 3308 cognita,
442 3227 467 3289 si
490 3227 516 3288 ei
539 3225 695 3301 videbitur,
722 3245 790 3288 eum
813 3227 863 3305 qui
887 3224 1057 3288 nominatus
1080 3226 1136 3288 erit
1157 3235 1286 3288 tutorem
1310 3227 1388 3288 dato.
1433 3223 1573 3311 Sicelis

290 3348 369 3403 eave,
403 3328 488 3392 cuins
510 3329 632 3390 nomine
661 3328 700 3389 ita
722 3327 903 3408 postulatum
926 3329 996 3403 erit,
1028 3329 1122 3408 pupil.
1145 3328 1292 3410 pupillave
1315 3329 1385 3401 erit,
1413 3328 1474 3389 sire
1496 3328 1532 3402 is,
1554 3347 1572 3390 a

291 3450 350 3511 quo
381 3429 386 3513 Ι
415 3430 595 3512 postulatum
619 3430 689 3505 erit,
719 3450 780 3493 non
804 3429 924 3492 babebit
947 3430 1178 3510 collegamque⁸⁰
1206 3432 1270 3494 eius
1292 3431 1322 3493 in
1346 3451 1381 3494 eo
1405 3431 1571 3512 municipio

290 3535 406 3596 intrare
430 3531 435 3616 Ι
465 3535 541 3594 llnes
563 3533 627 3596 eiua
649 3532 792 3614 municipi
818 3551 905 3594 nemo
928 3533 998 3594 erit:
1033 3533 1127 3595 cum⁸'
1149 3534 1183 3609 is,
1206 3551 1221 3593 a
1245 3551 1305 3613 qno
1327 3535 1366 3596 ita
1389 3533 1571 3614 postulatum

291 3637 357 3711 erit,
384 3653 471 3696 causa
494 3631 625 3718 colgnita
649 3635 679 3697 in
703 3634 808 3698 diebus
828 3634 854 3696 X
876 3635 1029 3718 proxumis
1051 3653 1087 3696 er
1110 3637 1229 3697 decreto
1253 3635 1462 3706 decurionum,
1489 3637 1571 3717 quod

291 3755 359 3800 cum
375 3736 450 3799 duae
465 3745 565 3818 partes
584 3734 589 3819 Ι
609 3738 804 3800 decurionum
828 3756 888 3801 non
912 3738 1012 3801 minus
1034 3738 1184 3800 adiuerint
1204 3738 1314 3799 lactum
1330 3739 1395 3810 erit,
1418 3757 1497 3814 enm,
1519 3739 1571 3819 qni

292 3838 485 3916 nominatus!
505 3839 571 3914 erit,
593 3858 653 3919 quo
677 3859 716 3903 ne
737 3839 775 3902 ab
799 3841 875 3903 insto
898 3849 997 3902 tutore
1011 3841 1102 3904 tutela
1123 3840 1267 3915 babeat⁸¹,
1290 3841 1317 3902 ei
1339 3851 1468 3902 tutorem
1491 3841 1572 3903 dato.

291 3939 349 4010 Qui
372 3948 454 4001 tutor
475 3940 504 4001 b.
527 3940 546 4001 l.
567 3937 572 4022 Ι
592 3942 677 4005 datus
699 3943 765 4019 erit,
788 3943 813 4006 is
835 3943 874 4018 ei,
898 3944 946 4005 cui
969 3942 1054 4006 datus
1076 3944 1142 4018 erit,
1168 3961 1228 4024 quo
1252 3962 1290 4005 ne
1312 3941 1348 4005 ab
1371 3943 1449 4005 insto
1472 3951 1572 4005 tutore

292 4041 381 4104 tutela
403 4040 547 4116 babeat⁸¹,
575 4052 635 4105 tam
657 4045 752 4108 iustus
771 4043 776 4127 Ι
796 4055 877 4108 tutor
899 4053 971 4120 esto,
1001 4063 1089 4125 quam
1112 4047 1135 4109 si
1159 4046 1183 4109 is
1205 4064 1231 4108 c.
1254 4044 1315 4107 lt¹²
1343 4043 1404 4108 et⁸²
1424 4044 1573 4127 adgnatus

291 4161 453 4226 proxumus
474 4163 500 4205 c.
524 4144 559 4206 ll.
582 4155 663 4209 tutor
684 4157 771 4210 esset.

378 4334 422 4398 48)
442 4332 529 4384 lmese
546 4337 573 4384 et
591 4331 659 4399 (uiri
672 4334 766 4398 potius
783 4332 923 4385 debarim
940 4335 984 4403 q).
1011 4361 1045 4373 -
1071 4336 1113 4398 49)
1133 4333 1191 4387 Ser.
1210 4338 1355 4401 quaestore.
1379 4361 1414 4372 -·
1441 4336 1484 4397 50)
1502 4332 1573 4387 rw

292 4422 363 4469 tuere
374 4417 544 4470 inserendum
561 4417 623 4470 item
642 4417 821 4486 quaestoribus
839 4418 905 4472 inter
922 4433 1002 4471 ee-
1020 4420 1062 4484 51)
1081 4418 1139 4472 Sor.
1152 4416 1222 4486 qnid,
1240 4431 1319 4485 quom
1334 4417 1488 4485 (aetimare
1500 4425 1573 4486 poet·

292 4503 387 4571 quam).
403 4529 438 4541 -
456 4503 499 4569 52)
517 4502 576 4557 Ser.
594 4501 747 4556 libertatem.
765 4531 799 4542 -
817 4505 859 4569 53)
878 4504 968 4556 Imm
985 4518 1051 4557 esse.
1069 4531 1104 4542 -
1125 4505 1169 4567 54)
1186 4502 1245 4556 Ser.
1263 4507 1380 4570 optumo.
1398 4531 1433 4542 -
1451 4506 1494 4568 55)
1513 4503 1574 4556 Sera

292 4585 361 4643 dum.
378 4615 414 4625 -
436 4589 480 4652 56)
498 4587 556 4641 Ser.
574 4588 676 4641 instem
694 4616 727 4626 -
747 4589 801 4653 56¹)
819 4603 895 4641 erere
913 4605 966 4642 aas.
983 4617 1018 4628 -
1040 4591 1083 4654 57)
1101 4588 1192 4641 lmere
1209 4595 1243 4644 et.
1262 4617 1297 4627 -
1318 4590 1361 4652 58)
1379 4588 1440 4642 Ser.
1457 4595 1520 4644 tum.
1538 4617 1575 4630 -

293 4673 349 4737 58¹)
368 4670 408 4734 Cr.
425 4669 581 4733 dirseurotd
597 4672 646 4728 lae.
665 4671 748 4724 asem
761 4676 816 4740 pt
834 4677 888 4727 nol.
900 4676 925 4726 d.
943 4701 977 4712 -—
1003 4677 1046 4738 59)
1066 4673 1124 4727 Ser.
1142 4681 1225 4726 erunt.
1243 4701 1277 4712 -
1300 4675 1344 4738 60)
1362 4671 1421 4726 Sor.
1435 4672 1574 4740 collegam,

292 4755 435 4822 collegere.
448 4783 482 4794 —
499 4757 542 4820 til)
554 4756 612 4811 Sor.
625 4757 709 4810 abeat.
740 4756 779 4819 ΟΛ
794 4759 886 4811 Horat.
898 4762 949 4812 eat.
959 4759 985 4822 2,
993 4759 1022 4823 ll,
1031 4757 1090 4812 m.
1100 4785 1133 4797 -
1151 4759 1194 4824 62)
1206 4757 1334 4811 Fortem
1344 4760 1435 4810 insere
1446 4757 1478 4810 el.
