3546 5378
287 329 350 390 524
830 333 919 404 eaput
936 335 1027 390 XIIII.

287 499 383 585 Q!
442 506 479 568 n.
517 505 562 569 Ut
582 506 638 568 ius
661 507 815 570 dicatur
836 525 853 569 e
875 507 959 608 lqge
983 507 1084 570 dicta
1106 507 1315 589 praedibus
1334 507 1339 592 Ι
1359 519 1394 571 et
1414 509 1570 590 praedis

518 607 767 692 vendundis}

372 707 457 773 bxv,
501 710 584 783 Quos
598 711 724 792 praedes
738 731 874 792 quaeque
889 712 1010 794 praedis
1024 730 1160 793 quosque
1175 708 1357 798 coginitores
1367 713 1453 776 'liviri
1468 715 1569 778 muni·

287 813 357 893 cipii
380 812 459 875 Flavi
482 808 659 898 Malaciltani
681 814 711 879 b.
735 815 753 880 I.
776 814 972 888 vendiderint,
1001 815 1038 876 de
1063 815 1099 878 iis
1121 817 1301 896 quicumque
1321 814 1327 898 Ι
1346 816 1365 878 i.
1386 815 1413 883 d.
1438 817 1502 898 p.⁰,
1531 816 1568 879 ad

287 932 377 994 quem
398 913 435 976 de
458 933 491 976 ea
514 933 547 977 re
569 916 601 978 in
623 915 670 978 ius
692 916 804 978 aditum
827 917 892 991 erit,
913 915 918 1000 Ι
943 918 981 980 itn
1003 917 1050 980 ius
1072 917 1161 980 dicito
1183 917 1349 997 iudiciaque
1371 916 1450 992 dato,
1474 927 1507 980 ut
1529 919 1569 994 ei,

287 1016 337 1097 qui
357 1013 434 1100 {eos
448 1018 572 1099 praedes
593 1019 765 1098 cognitores
787 1038 821 1082 ea
837 1019 956 1100 praedia
978 1015 1112 1105 merlcnti
1128 1029 1226 1096 erunt,
1248 1019 1374 1101 praedes
1387 1020 1492 1083 socii⁴⁴
1512 1020 1569 1083 he-

286 1120 433 1199 redesque
455 1137 559 1182 eorum
578 1118 583 1202 Ι
610 1121 736 1201 isque⁴⁵,
758 1120 795 1183 ad
818 1140 894 1202 quos
916 1141 949 1184 ea
971 1141 1020 1185 res
1043 1122 1213 1204 pertinebit,
1235 1122 1272 1184 de
1293 1121 1320 1184 is
1341 1121 1432 1184 rebus
1450 1123 1457 1206 Ι
1479 1141 1569 1204 agere

287 1239 395 1302 easque
417 1239 466 1284 res
487 1232 589 1302 petere
610 1223 750 1304 persequi
771 1221 862 1309 relcte
884 1224 988 1306 possit.

329 1357 366 1419 tt.
407 1357 457 1420 Iie
480 1360 608 1436 multa,
634 1377 726 1439 qnae
749 1358 850 1423 dicte
877 1358 986 1441 erit!

371 1458 471 1522 LXVI.
514 1460 622 1524 biuitas
650 1462 681 1524 in
709 1479 745 1524 eo
773 1462 938 1543 munIcipio
967 1462 1004 1524 nb
1027 1447 1125 1524 iiviris
1147 1459 1342 1546 praqtecovs
1363 1461 1466 1537 dictas,
1495 1463 1569 1525 item

286 1558 323 1622 ab
346 1562 488 1626 aedilibus
510 1581 584 1644 quas
605 1560 726 1645 aeidiles
747 1563 855 1626 dixisse
877 1583 909 1627 se
931 1574 1004 1646 aput
1024 1564 1131 1627 IIviros
1151 1563 1239 1625 ambo
1262 1559 1382 1648 alterive
1403 1581 1440 1626 ex
1454 1565 1480 1628 is
1495 1582 1569 1647 pro-

286 1663 356 1726 fessi
378 1675 477 1739 erunt,
505 1665 586 1739 IIvir,
615 1667 707 1746 quii.
730 1667 760 1728 d.
782 1666 845 1746 p.⁴⁸,
874 1666 905 1728 in
925 1662 931 1750 Ι
950 1665 1065 1728 tabulas
1086 1682 1259 1728 communes
1282 1667 1465 1746 municipum
1491 1668 1570 1730 eiius

286 1760 442 1851 mulnicipi
465 1768 570 1831 reterri
592 1768 703 1831 iubeto.
748 1768 780 1831 Si
802 1767 852 1830 cui
874 1787 907 1830 ea
930 1768 1021 1830 multa
1049 1767 1127 1829 dicta
1158 1763 1163 1849 Ι
1192 1767 1250 1829 erit
1270 1777 1321 1830 aut
1344 1769 1465 1831 nomine
1492 1769 1569 1832 eiius

285 1867 359 1929 alius
382 1867 553 1948 postulabit,
578 1879 613 1932 ut
631 1866 637 1954 Ι
656 1870 693 1932 de
714 1887 749 1933 ea
771 1870 808 1931 ad
830 1869 1007 1933 decuriones
1032 1869 1253 1950 conscriptosre
1279 1869 1443 1952 resciretur,
1469 1869 1507 1932 de
1533 1891 1569 1933 en

285 1968 482 2032 decurionum
498 1971 781 2052 conscriptorumtve
799 1970 939 2034 iudicium
955 1980 1029 2033 esto.
1073 1969 1217 2051 Quaeque
1238 1971 1347 2034 multae
1369 1989 1432 2033 non
1451 1969 1457 2054 Ι
1477 1983 1570 2035 erunt

286 2071 412 2134 iniustae
442 2090 459 2133 e
489 2072 702 2137 decurionibus
731 2069 956 2157 oonlscriptisve
985 2073 1145 2143 indicatae,
1175 2090 1223 2135 ens
1254 2073 1359 2136 multas
1387 2072 1469 2135 liviri
1499 2073 1506 2155 Ι
1535 2076 1568 2138 ἱιι

285 2173 438 2254 pubiicum
464 2174 650 2254 municipum
677 2174 752 2238 eiius
776 2175 931 2256 municipii
953 2175 1121 2253 rediguntn.
1142 2171 1148 2258 Ι

327 2311 363 2371 tt.
402 2311 451 2372 De
480 2311 639 2390 pecunia
670 2313 856 2373 communi
887 2311 1118 2393 municipum
1154 2307 1159 2395 Ι
1192 2311 1314 2390 deque
1343 2312 1569 2375 rationibus

399 2409 642 2496 eorundem!

370 2516 483 2579 LXVII.
514 2518 558 2579 td
573 2535 662 2597 quem
679 2517 806 2599 pecunia
829 2518 996 2580 communis
1018 2516 1203 2598 municipum
1222 2512 1228 2597 Ι
1247 2517 1322 2578 eiius
1337 2516 1481 2598 municipi
1496 2536 1568 2597 per·

285 2620 409 2693 venerit,
434 2621 556 2682 beresve
579 2615 671 2705 cilius,
696 2619 757 2683 isse
783 2618 819 2682 ad
845 2638 935 2700 quem
962 2637 995 2682 ea
1021 2637 1069 2682 res
1094 2601 1265 2699 pertinebit,
1292 2618 1322 2679 in
1350 2617 1464 2692 dinibus
1486 2617 1568 2681 XXX

286 2721 438 2801 proximIs,
465 2721 573 2802 quibus
599 2741 633 2785 ea
656 2723 784 2805 pecunia
803 2719 809 2804 Ι
828 2722 864 2784 ad
890 2740 958 2785 enm
985 2720 1165 2804 pervenerit,
1193 2721 1224 2782 in
1251 2719 1404 2802 publicum
1429 2722 1568 2796 muniici·

284 2840 355 2905 pum
378 2823 453 2885 eiius
474 2824 618 2905 municipi
644 2842 707 2887 eam
731 2825 850 2886 referto.
895 2821 1027 2908 Quinue
1042 2823 1173 2885 rationes
1187 2839 1362 2884 communes
1378 2823 1570 2903 negotiumve

285 2920 377 3012 quiod
401 2920 581 3013 commun[e]
604 2927 790 3007 municipum
813 2927 878 2989 cius
903 2922 1059 3010 monicilpi
1087 2924 1214 3005 gesserit
1242 2924 1424 2999 uectamrit,
1453 2926 1489 3002 is,
1514 2926 1569 2989 be·

284 3046 368 3090 resve
390 3027 493 3090 eiIus⁴⁶
511 3025 517 3112 Ι
536 3028 571 3091 ad
596 3047 683 3108 quem
706 3047 741 3092 ea
763 3047 811 3091 res
834 3026 1003 3110 pertinebit,
1026 3029 1057 3090 in
1080 3026 1186 3090 diebus
1199 3024 1278 3088 xxx
1296 3023 1302 3110 Ι
1321 3028 1475 3108 proximis,
1501 3030 1570 3110 qui·

285 3131 340 3194 bus
363 3149 398 3192 en
421 3133 540 3211 negotia
566 3149 652 3195 easve
673 3127 819 3216 ratiolncs
844 3149 948 3211 gerere
970 3141 1097 3193 tractare
1119 3130 1239 3193 desierit
1264 3127 1433 3210 quibusque
1450 3127 1457 3214 Ι
1476 3130 1570 3194 decu·

285 3235 386 3296 rienes
408 3234 631 3314 conscriptique
645 3232 844 3310 habebuntur,
864 3231 870 3316 Ι
888 3229 1075 3318 r[ot]iones⁴¹
1096 3233 1175 3294 edito
1191 3232 1365 3312 redditoque
1385 3229 1570 3318 oeconomi-

286 3330 362 3422 [bius
399 3336 611 3417 conscriptisve
641 3337 724 3398 cuive
757 3337 794 3397 de
823 3335 869 3397 bis
905 3332 1097 3420 accipileodis
1130 3333 1348 3415 cognoscendis
1381 3353 1418 3396 ex
1446 3335 1569 3398 decreto

285 3434 490 3523 decurinlnum
518 3439 803 3521 conscriptoromre,
829 3438 909 3518 quod
935 3439 1086 3500 decretum
1112 3435 1118 3521 Ι
1148 3437 1257 3498 iactum
1285 3436 1342 3498 erit
1366 3454 1435 3498 cum
1462 3456 1569 3500 eorum

285 3551 384 3619 partes
407 3561 468 3604 non
486 3536 596 3625 miluus
618 3559 706 3622 qoem
729 3541 804 3604 duae
819 3543 923 3604 tertiae
939 3542 1086 3615 adessent,
1109 3534 1274 3626 negoltium
1296 3540 1396 3602 datum
1412 3541 1477 3602 erit.
1510 3541 1571 3604 l'er

285 3661 374 3722 qoem
397 3645 521 3717 steterit,
544 3663 574 3723 q.
594 3641 600 3724 Ι
618 3662 657 3706 m.
680 3643 719 3705 ita
735 3643 862 3724 pecunia
885 3644 1071 3724 redigeretur
1092 3636 1269 3725 reierreitnr
1290 3659 1386 3722 quove
1409 3643 1509 3706 minus
1527 3643 1569 3705 its

285 3745 416 3807 rationes
438 3741 656 3828 reddeirentur,
682 3745 716 3821 is,
742 3764 909 3827 perquem
936 3745 1050 3809 steterit
1077 3763 1169 3824 qm.
1196 3731 1327 3806 rationes
1346 3738 1352 3828 Ι
1371 3743 1571 3808 redderentur

285 3863 382 3924 quove
407 3847 506 3909 minus
533 3847 660 3930 pecunia
690 3848 887 3928 redigetretur
915 3841 1117 3932 referret[or]‚
1146 3846 1294 3925 heresque
1324 3845 1388 3908 eins
1416 3847 1501 3928 isque
1530 3847 1569 3909 ad

286 3950 387 4028 quiem
410 3966 443 4010 ea
466 3967 515 4012 res
537 3967 595 4029 qna
617 3950 654 4013 de
669 3951 767 4030 agitur
788 3948 959 4032 pertinebit,
983 3969 1012 4030 q.
1028 3969 1054 4011 o.
1070 3948 1119 4016 r.⁴'
1139 3947 1145 4028 Ι
1164 3948 1229 4022 erit,
1252 3955 1366 4010 tanturn
1389 3960 1421 4010 et
1441 3948 1569 4012 alterurn

285 4060 400 4112 tantum
422 4047 634 4135 municipibus
656 4053 731 4116 eiius
753 4053 896 4134 municipi
919 4053 947 4116 d.
970 4053 999 4114 d.
1022 4070 1060 4126 e.,
1089 4051 1213 4129 eiusque
1234 4046 1393 4133 pecuniine
1414 4051 1511 4131 deque
1533 4070 1569 4114 es

285 4154 412 4234 pecunia
434 4153 618 4234 municipum
640 4155 805 4235 muniicipii
827 4154 906 4216 Flavi
930 4153 1095 4216 Malacitoni
1117 4153 1199 4236 <eius
1221 4171 1253 4214 ee
1277 4153 1403 4232 pecnnia
1431 4151 1436 4236 Ι
1468 4155 1570 4216 muni·

286 4255 383 4336 cipum
408 4255 486 4317 I'Iavi
507 4253 717 4341 Malacitani)¹'
749 4258 799 4337 qui
822 4257 899 4319 votet
921 4258 1029 4337 cuique
1051 4273 1105 4338 per
1126 4254 1156 4316 b.
1179 4254 1199 4316 I.
1222 4254 1323 4317 licebit
1350 4255 1427 4316 actio
1451 4251 1569 4340 peititio

286 4358 453 4439 persecutio
476 4367 549 4420 esto.
569 4357 574 4442 Ι

370 4546 414 4609 43)
432 4544 494 4596 Iure
506 4545 623 4597 dicando
632 4547 762 4611 praeerit.
773 4573 808 4583 -
825 4547 869 4610 44)
888 4542 928 4606 Cf.
943 4543 996 4596 Cic.
1005 4559 1058 4610 pro
1070 4542 1148 4595 dome
1161 4542 1202 4609 id,
1212 4545 1259 4596 48.-
1275 4541 1401 4610 prendens
1413 4547 1526 4598 sociem.
1534 4573 1571 4586 -

286 4632 329 4694 te)
347 4629 406 4682 Sor.
423 4629 501 4698 itque.
519 4657 554 4670 -
577 4631 620 4695 46)
644 4628 734 4681 Insere
751 4630 814 4682 isse.
836 4656 869 4670 -
896 4632 941 4694 47)
958 4627 1061 4680 minues
1079 4643 1132 4681 ner.
1153 4655 1188 4666 -
1213 4630 1257 4690 48)
1281 4626 1382 4692 oseae
1404 4645 1435 4681 aa
1460 4645 1511 4683 m.
1535 4659 1570 4670 -

287 4716 330 4777 ts)
349 4713 423 4778 Quae
439 4717 517 4766 uncis
535 4715 701 4780 inclusimus,
718 4719 779 4766 orto
796 4717 860 4765 runt
876 4730 911 4765 en
928 4713 1122 4780 dittogropbio.
