3556 5376
273 300 336 360 358
807 302 899 374 (iaput
915 301 989 357 XIII.

271 472 342 540 pleri
355 477 475 538 pessunt
486 500 519 510 -
539 475 563 536 1)
581 469 750 532 Praefectum
767 473 900 540 intellegit
909 473 1054 528 Mommsen
1072 476 1148 540 aperi
1165 471 1301 538 faciendo,
1317 487 1366 524 nec
1378 472 1553 538 cogitandum

274 557 306 606 de
320 554 461 621 praefecto
478 557 640 609 architectis.

274 782 336 846 pou
369 783 393 825 s.

362 861 528 914 Concordiae
546 863 584 924 (V
594 865 660 916 4887
677 864 746 916 cidit
764 865 930 933 Mommsen).

361 982 447 1054 5388
490 985 524 1048 G.
547 986 618 1048 Lan
634 1033 788 1048 .......
815 984 820 1069 Ι
847 987 974 1050 Gabinio
997 988 1030 1049 P.
1052 988 1073 1048 f.
1100 984 1104 1069 Ι
1134 987 1195 1048 Pal.
1219 986 1353 1048 Fortuita
1384 983 1389 1069 Ι
1419 986 1555 1049 dictatori

275 1090 370 1162 Lau.¹,
396 1085 401 1170 Ι
428 1088 507 1150 IIvir.
527 1089 653 1170 Capuae,
673 1086 678 1175 Ι
705 1090 783 1169 quod
806 1091 882 1152 viam
903 1089 988 1151 Dian.
1013 1085 1018 1172 Ι
1044 1108 1059 1150 a
1081 1099 1167 1169 porta
1190 1086 1326 1150 Volture.
1352 1086 1357 1170 Ι
1383 1088 1418 1150 ad
1440 1088 1557 1150 vicum¹

275 1209 341 1271 usq.
366 1209 419 1252 sua
437 1190 443 1273 Ι
463 1209 528 1272 pec.
551 1193 632 1255 silice
655 1201 787 1265 stravam,
807 1189 813 1271 Ι
832 1191 869 1252 ob
892 1191 1025 1252 munific.
1048 1191 1112 1253 eiua
1131 1187 1183 1271 14.
1206 1189 1234 1252 d.

363 1291 469 1357 Capuae
487 1291 524 1353 (X
538 1291 608 1346 4944
631 1292 715 1345 deser.
731 1305 799 1343 saec.
818 1289 898 1344 XVII
913 1291 1079 1356 Pellegrinus
1096 1295 1194 1341 auctor
1211 1290 1378 1357 accuratam).
1394 1318 1427 1328 -
1456 1293 1480 1355 1)
1502 1291 1555 1342 La-

275 1377 361 1428 auoii.
395 1376 435 1425 De
458 1377 590 1428 dictatore
608 1377 750 1428 Mancino
774 1375 810 1436 af.
829 1375 857 1428 C.
873 1376 894 1430 1.
911 1375 941 1428 1..
959 1375 1025 1427 XIV
1036 1391 1065 1441 p.
1077 1375 1133 1428 iol.
1160 1404 1193 1413 —
1222 1376 1247 1440 2)
1269 1374 1398 1426 Fortasse
1421 1377 1496 1426 uicem
1519 1377 1558 1428 ad

276 1468 395 1513 montem
416 1458 508 1521 Tifata
526 1463 574 1512 uli
590 1460 647 1521 luit
664 1463 788 1528 templum
806 1461 921 1525 Dianae,
944 1457 980 1521 cs.
997 1459 1141 1512 Mommsen
1160 1459 1188 1512 0.
1199 1460 1221 1511 l.
1233 1459 1264 1510 1..
1281 1459 1308 1511 Χ
1321 1475 1350 1526 p.
1361 1461 1419 1513 aa.

276 1549 1556 1667 *afim—mmmmm

278 1704 403 1748 munere
422 1683 426 1767 Ι
447 1685 482 1747 ab
499 1703 611 1746 summa
628 1684 813 1764 quadragiut.
833 1683 838 1767 Ι
858 1684 971 1746 ...da¹
994 1685 1028 1745 ad
1045 1683 1142 1746 vicum
1157 1683 1241 1745 Laris
1260 1679 1264 1767 Ι
1284 1703 1308 1744 s.
1324 1702 1353 1764 p.
1369 1692 1489 1746 suaves.

365 1786 497 1837 luceriae
516 1783 567 1852 (ul
582 1787 633 1837 808
649 1785 718 1836 uidit
737 1783 902 1853 Mommsen).
921 1812 955 1824 -
975 1786 999 1848 1)
1016 1784 1107 1835 lectio
1125 1787 1238 1834 incerta.

364 1903 450 1975 5882
478 1907 511 1968 L.
528 1908 668 1970 Avianius
690 1907 723 1968 I..
746 1905 766 1967 f.
790 1904 869 1966 Men.
888 1904 894 1987 Ι
913 1904 1037 1967 Flaccus
1058 1905 1231 1978 Pontianus,
1251 1900 1256 1985 Ι
1283 1903 1319 1976 Q.
1335 1904 1461 1983 Spedius
1483 1904 1518 1976 0.
1535 1908 1556 1966 t.

278 2011 357 2073 Men.
378 2007 383 2092 Ι
404 2009 520 2072 Firmus
542 2009 622 2071 IIvir.
645 2009 664 2070 i.
687 2007 731 2081 d.‚
759 2007 833 2068 viam
854 2003 859 2089 Ι
879 2025 894 2067 a
917 2005 1068 2069 milliario¹
1093 2005 1129 2066 ad
1153 2004 1312 2080 cisiarios²,
1332 2002 1336 2087 Ι
1357 2024 1414 2085 qua
1437 2005 1556 2068 territo·

278 2113 355 2175 rium
380 2123 425 2176 est
444 2111 448 2192 Ι
470 2111 735 2191 Pompeianorum.
756 2127 809 2170 sua
828 2107 833 2191 Ι
853 2119 920 2188 pec:
942 2108 1123 2170 mquerunI.

365 2215 495 2280 Pompeiis
517 2227 573 2276 rep.
597 2210 655 2261 loco
679 2210 799 2275 antiquo,
826 2213 906 2260 entra
932 2212 1038 2273 portam
1065 2206 1221 2258 Staiianam
1247 2207 1285 2258 ad
1306 2209 1367 2274 ipsa
1390 2209 1495 2258 moenia
1521 2209 1558 2257 ad

279 2301 419 2350 sinistram
441 2300 502 2349 viae
524 2297 563 2346 ili
584 2296 739 2360 incipientis
762 2291 800 2354 (X
813 2293 877 2346 4844
898 2291 970 2343 vidit
986 2291 1152 2360 lllomnaen).
1187 2291 1232 2344 Ad
1247 2291 1357 2342 eandem
1375 2293 1435 2343 uiae
1452 2295 1557 2358 partem

275 2385 397 2450 pertinet
419 2381 515 2433 titsslm
538 2380 601 2432 Osce
625 2381 742 2445 scriptus
762 2378 853 2430 eadam
878 2375 938 2438 sere
965 2378 1022 2429 laco
1049 2384 1170 2444 repertus
1196 2376 1324 2438 (Fies-elli
1345 2377 1509 2428 deseriaiane
1528 2377 1559 2427 sti

279 2470 389 2534 Pompei
396 2483 426 2534 p.
437 2469 481 2532 29,
498 2465 596 2518 Nissen
610 2479 701 2534 pomp.
714 2463 791 2515 Stud.
805 2479 834 2529 p.
844 2462 918 2527 tat).
936 2490 970 2500 -
989 2465 1014 2527 1)
1031 2461 1181 2515 Miliarium
1199 2462 1342 2514 Mommsen
1354 2460 1404 2528 (cs.
1416 2463 1558 2526 llermdt,

280 2551 353 2615 4877,
367 2567 394 2618 p.
406 2553 467 2620 too)
486 2551 618 2617 intellegit
633 2553 694 2601 viae
706 2549 834 2615 publicae
847 2547 945 2614 papuli
961 2546 1088 2612 Romani,
1106 2563 1158 2614 qua
1176 2545 1294 2599 Nuceria
1312 2549 1450 2614 Pompeios
1466 2549 1559 2599 ibatur

281 2639 306 2687 et
318 2635 459 2703 Neapolim
478 2635 526 2700 (cf.
540 2633 683 2689 o.1.1..)l
696 2651 723 2700 p.
734 2636 778 2700 88,
793 2633 843 2702 11),
860 2635 938 2684 euius
955 2636 1015 2685 uiae
1031 2634 1168 2685 miliarias
1185 2631 1285 2699 aliquis
1295 2633 1427 2699 Pompeiis
1444 2634 1481 2684 ad
1493 2649 1558 2700 por·

281 2725 336 2772 mm
348 2720 504 2773 Stationem
521 2725 625 2772 steterit
642 2736 746 2772 necesse
764 2725 810 2774 est.
830 2747 862 2756 -
883 2723 909 2784 2)
928 2718 1057 2771 Gisiarios
1073 2721 1104 2770 in
1122 2724 1240 2770 caverna
1259 2719 1398 2769 imitatio
1415 2721 1558 2769 stationem

281 2808 404 2857 habuisse
420 2823 456 2856 ea·
473 2808 523 2858 linc
540 2806 621 2857 titulo
640 2805 743 2870 collexit
760 2805 879 2857 Momms.

367 2923 451 2996 5383
482 2971 588 2988 .....
604 2928 650 2990 ius
673 2927 786 2988 Fronto
809 2928 872 2988 aed.
896 2944 959 2988 cur.
982 2926 1018 2987 de
1040 2943 1093 2988 sua
1115 2926 1241 3006 pecunia
1264 2919 1363 3010 f[eeit]‚
1384 2921 1389 3006 Ι
1409 2969 1558 2985 .......

282 3028 374 3103 duxit,
396 3030 472 3091 viam
493 3047 509 3090 a
532 3030 597 3090 foro
620 3029 764 3108 usquead
781 3029 876 3091 ieiues
893 3023 1031 3113 strav[it]‚
1050 3025 1055 3110 Ι
1077 3072 1108 3087 ..
1125 3073 1132 3087 .
1149 3072 1157 3086 .
1173 3027 1251 3100 iecit,
1274 3027 1397 3088 cleivom
1412 3046 1427 3088 a
1443 3044 1559 3089 summo

282 3130 318 3192 ad
340 3131 521 3212 emporium¹
545 3126 680 3217 sira[oit].

368 3232 443 3283 Inter
459 3233 584 3285 Puteolos
607 3238 632 3284 et
648 3230 791 3299 Neapolim
814 3247 879 3298 pars
902 3231 1025 3295 eatatal,
1048 3245 1114 3296 pars
1135 3229 1224 3280 adnue
1245 3234 1285 3280 est
1305 3227 1422 3296 Neapoli
1444 3227 1480 3295 (Χ
1496 3229 1561 3280 4688

281 3316 437 3382 fragmenta
459 3318 601 3384 aliquoties
622 3317 779 3386 descripta).
805 3345 839 3355 -
867 3318 892 3382 1)
908 3315 1068 3382 Emporium
1086 3315 1300 3368 Puteolanorum
1321 3318 1452 3365 memorat
1469 3313 1560 3365 Cicero

283 3401 320 3452 ad
336 3403 391 3454 Ait.
407 3404 435 3466 4,
446 3403 472 3466 2,
483 3403 511 3455 2.
545 3404 668 3469 Apparet
685 3405 833 3470 emporium
849 3400 948 3466 fuisse,
970 3404 1003 3451 nt
1020 3404 1226 3452 consentaneum
1243 3405 1289 3462 est,
1307 3402 1408 3452 inimo
1426 3398 1503 3465 cliro,
1525 3398 1562 3449 acl

284 3486 347 3537 litus
363 3491 456 3540 maris.
478 3516 513 3526 —
538 3488 584 3538 Ad
600 3488 675 3538 alim
693 3490 842 3553 emporium
858 3488 977 3552 pertinet
994 3482 1029 3538 N.
1045 3486 1119 3538 4484.

370 3605 455 3676 5884
488 3654 668 3670 ........
688 3612 693 3689 Ι
716 3601 914 3691 [llugustalia
943 3602 1023 3692 h[on.
1046 3601 1285 3689 amniculum]
1312 3603 1318 3687 Ι
1343 3605 1534 3679 ornamentis,
1554 3605 1561 3692 Ι

283 3709 359 3770 vlam
382 3710 417 3771 ab
441 3711 598 3790 angiportu
621 3705 722 3795 aed[is]
744 3709 748 3792 Ι
774 3708 898 3770 lunonis
920 3710 1050 3771 Lucinae
1072 3726 1166 3788 usque
1191 3701 1250 3793 [ad]
1271 3705 1276 3790 Ι
1301 3707 1402 3769 aedem
1424 3707 1561 3782 Matutae,

285 3821 314 3871 at
336 3811 442 3872 clivom
471 3809 475 3894 Ι
507 3811 543 3873 ab
567 3812 635 3873 ianu
658 3811 693 3872 ad
717 3811 850 3890 gisiacios
869 3818 932 3879 (sie)
955 3805 1080 3895 porta[e]
1112 3805 1118 3893 Ι
1147 3809 1333 3885 StellatInae‚
1361 3819 1392 3872 et
1413 3809 1488 3872 viam
1509 3828 1562 3890 pa-

284 3911 375 3973 tulam
401 3910 406 3995 Ι
432 3913 467 3974 ad
491 3924 605 3994 portam
627 3914 738 3976 laevam
760 3922 790 3975 et
811 3914 847 3975 ab
871 3913 936 3975 ioco
962 3912 967 3996 Ι
992 3914 1027 3975 ad
1050 3922 1166 3994 portam
1189 3911 1378 3974 domesticam
1404 3909 1410 3997 Ι
1435 3931 1487 3974 sua
1509 3929 1563 3993 pe-

285 4013 372 4076 cunia
394 4014 505 4077 stravit.

369 4114 477 4166 Calibus
493 4131 558 4182 rep„
575 4119 614 4166 est
631 4113 747 4181 Neapoli
769 4113 808 4180 (X
822 4117 884 4168 noo
902 4115 970 4165 uidit
989 4114 1154 4182 Mommsen).

370 4233 455 4305 5385
492 4236 523 4300 C.
535 4237 643 4300 Furius
657 4236 689 4300 C.
706 4238 726 4298 l.
741 4235 875 4308 Numida,
895 4231 900 4318 Ι
920 4235 957 4296 M.
970 4233 1103 4297 Veratius
1118 4235 1150 4297 C.
1165 4235 1186 4296 4.
1202 4235 1297 4297 Pollio
1317 4233 1322 4316 Ι
1340 4235 1449 4299 IIIIvir.
1466 4235 1485 4296 i.
1502 4234 1564 4312 ἀ..)

285 4350 406 4404 stratam
430 4340 465 4400 ad
481 4349 596 4420 portam
616 4337 620 4424 Ι
640 4356 787 4401 summam
808 4347 838 4400 et
858 4337 890 4399 in
913 4335 993 4399 clivis
1013 4332 1018 4416 Ι
1037 4334 1071 4396 ad
1087 4345 1203 4417 portam
1219 4337 1392 4419 geminam,
1412 4334 1417 4420 Ι
1436 4346 1467 4398 et
1488 4337 1566 4398 imra

286 4452 402 4524 portam
422 4442 427 4527 Ι
447 4440 607 4504 Martialem
623 4443 658 4503 ad
674 4434 835 4527 eugipii]
856 4440 862 4522 Ι
880 4439 1009 4502 Matutae
1029 4458 1053 4500 s.
1070 4457 1096 4500 c.
1111 4458 1135 4500 r.
1152 4439 1191 4501 c.¹
1209 4439 1215 4521 Ι
1234 4438 1373 4520 idemque
1390 4439 1566 4520 probavere.

375 4542 483 4596 Calibus
499 4557 568 4609 rep,
586 4547 626 4592 est
635 4541 751 4608 Neapoli
768 4540 807 4604 (ll
816 4543 879 4593 4450
895 4539 963 4592 vidit
975 4539 1145 4608 Hmaen).—
1165 4543 1191 4606 1)
1207 4540 1334 4593 Eiusdem
1351 4542 1469 4593 nominis
1483 4543 1567 4606 porta

286 4624 342 4687 snit
364 4625 447 4678 Teani
465 4625 546 4694 (lopo
560 4643 599 4692 ep.
611 4629 636 4690 8,
648 4627 719 4694 575).
739 4653 770 4664 -
795 4627 821 4691 2)
839 4625 954 4678 Senatus
971 4627 1094 4678 consulto
1112 4625 1285 4688 reficiendam
1303 4641 1439 4678 curavere.
