3580 5408
441 390 530 446 Tituli
546 389 619 446 secui
636 393 666 444 et
682 390 864 446 sacerdotum.
882 419 916 430 -
935 390 1025 446 ceree.
1050 389 1142 444 Liber.
1399 390 1438 447 47

236 558 330 632 3358
349 563 554 625 ..Kelaudio
569 581 624 645 pro
639 581 692 625 sun
708 562 803 626 salute
814 562 925 625 donum
940 571 945 644 Ι
958 567 1086 634 (noregia
1096 569 1210 620 daurom
1218 569 1441 635 pneumaticum·

159 671 224 722 eata
243 687 260 722 o
277 672 411 739 serpente)
430 665 436 743 Ι
457 661 587 752 [Hibero
608 664 830 727 Kalliniciano¹.

246 763 347 816 Itomae
369 765 423 828 (VI
436 767 488 819 ⁴63
513 766 582 816 oidit
600 765 728 828 Hensen).
753 793 788 803 -
818 766 842 829 l)
858 765 998 828 Agnomen
1016 765 1074 829 troc,
1095 769 1126 816 ut
1144 767 1225 816 etiam
1242 764 1335 815 Liberi
1352 766 1442 830 patrie

158 850 301 901 Doetioni
318 847 353 901 N.
371 851 446 915 Dido,
463 851 574 902 ductum
592 852 625 901 ob
644 865 674 901 eo
692 851 741 916 qui
755 851 862 915 primur
877 849 1004 900 ancellum
1022 852 1144 902 instituit
1160 847 1209 916 (cf.
1227 851 1262 904 Ν.
1274 849 1369 917 5265).

245 1017 334 1088 3353
377 1020 486 1085 Libero
507 1020 512 1104 Ι
532 1022 681 1085 Pantheo¹
701 1020 706 1103 Ι
726 1039 802 1084 secr.

245 1122 382 1173 Pentioene
394 1122 447 1183 (IX
455 1121 523 1176 atta
541 1121 625 1174 deser.
636 1122 784 1173 Aoeureine
801 1120 924 1187 otiique).
936 1149 971 1161 -
992 1124 1016 1188 t)
1034 1121 1140 1190 Signum
1153 1123 1251 1176 Liberis
1261 1125 1324 1187 (ric)
1334 1121 1441 1175 Penthei

156 1210 325 1257 moratur
341 1205 410 1261 XIV
420 1207 497 1259 28⁶5.

245 1369 337 1443 3366
380 1376 437 1440 deo
458 1388 562 1441 sancto
585 1377 701 1440 numiui
728 1374 733 1458 Ι
756 1377 812 1439 deo
835 1395 943 1458 meguo
966 1378 1074 1442 Libero
1094 1377 1099 1460 Ι
1122 1380 1199 1460 petri
1222 1391 1252 1442 et
1273 1380 1412 1443 adstatori
1436 1376 1441 1463 Ι

157 1487 185 1539 et
208 1478 417 1541 conserbatori
440 1480 469 1541 h.
492 1481 523 1542 l.¹
546 1479 614 1542 coli.
634 1481 640 1556 Ι
659 1479 881 1542 Velabrensium
902 1478 906 1561 Ι
926 1480 1072 1552 Domitius
1094 1481 1250 1544 Secundus
1272 1493 1363 1548 curet.
1384 1481 1389 1566 Ι
1414 1491 1444 1544 et

157 1581 342 1643 instaurator
362 1583 479 1644 ir‘atrib.
501 1583 595 1645 ειιίε.ῃ

245 1680 346 1732 Bonae
363 1686 393 1732 tn
413 1681 530 1736 Velabro
551 1697 607 1748 rep.
629 1679 683 1743 (VI
697 1683 759 1744 tot,-
786 1651 985 1734 Garutianus
1008 1682 1083 1748 degio*
1105 1685 1180 1734 ecovi
1196 1683 1263 1737 1892
1279 1701 1306 1750 p.
1318 1685 1391 1752 545).
1409 1713 1443 1723 -

158 1769 181 1830 1)
200 1765 293 1816 Huius
310 1767 371 1819 loci.
388 1794 425 1806 —
443 1768 468 1831 Τ)
485 1766 601 1818 Fratres
618 1766 745 1819 uidentur
762 1766 828 1818 dicti
846 1783 901 1818 erse
915 1783 966 1832 pro
985 1767 1103 1834 collegis.

246 1933 336 2004 3361
381 1957 437 2019 pro
459 1939 585 2000 satutem
607 1948 637 2000 et
658 1939 796 2000 victorias
815 1938 820 2021 Ι
840 1938 888 2000 dd.
913 1958 964 2000 nu.
984 1939 990 2020 Ι
1010 1939 1101 2020 impp.
1125 1939 1225 2000 Severi
1248 1950 1277 2002 et
1299 1939 1443 2000 Antonini

155 2043 256 2121 Augg.
276 2037 283 2122 Ι
305 2049 335 2100 et
357 2040 448 2102 iuliae
472 2045 548 2121 Aug.
570 2040 657 2102 matri
680 2041 775 2120 Augg.
798 2041 919 2121 totiusq.
939 2039 945 2125 Ι
970 2041 1076 2103 domus
1097 2041 1213 2104 divinae
1236 2057 1350 2115 eorum,
1376 2039 1382 2114 Ι
1408 2058 1444 2101 ex

156 2158 307 2204 concessu
329 2142 362 2203 in
378 2142 505 2222 prandiis
527 2141 589 2204 euis
610 2143 771 2204 sacrarium
791 2141 796 2225 Ι
815 2142 861 2204 dei
878 2141 977 2204 Liberi
1000 2162 1067 2205 cum
1086 2143 1216 2205 aedicula
1238 2151 1268 2204 et
1289 2137 1445 2226 columluis

155 2244 221 2305 suis
243 2243 385 2323 iupeudis
406 2238 694 2328 marmora[r]un[t]¹
714 2241 719 2327 Ι
738 2255 768 2307 et
790 2263 890 2307 aream
911 2255 941 2306 et
963 2245 1092 2307 ortulum
1115 2263 1205 2326 super
1220 2240 1370 2326 Nymiphis
1392 2243 1443 2322 qui

157 2345 246 2407 iocus
268 2345 436 2426 appellatur
457 2345 616 2426 demphe,
637 2342 642 2426 Ι
661 2345 773 2408 donum
796 2347 944 2409 dederuut
964 2348 1084 2428 spirae.⁸

247 2460 348 2513 Romae
371 2461 426 2530 (1¹1
439 2463 486 2515 561
503 2462 592 2526 semel,
615 2463 661 2514 red
677 2468 813 2529 nomento,
836 2464 968 2528 descripto
989 2481 1058 2516 aueo.
1077 2462 1188 2532 XVIII).
1213 2491 1248 2503 -
1277 2463 1442 2523 limaturam

157 2561 230 2600 nunc
248 2547 379 2599 truditur.
396 2575 430 2586 -
449 2549 475 2612 2)
493 2547 594 2599 Locum
612 2553 659 2614 qui
676 2549 830 2616 appeliatum
847 2548 971 2616 Memphi,
988 2551 1144 2616 auspicetur
1160 2547 1265 2600 Morini
1282 2550 1347 2601 Aru.
1355 2563 1384 2613 p.
1393 2548 1446 2600 628

157 2635 187 2683 in
197 2635 362 2684 memorium
374 2635 483 2684 itineris
497 2649 548 2701 per
558 2635 713 2701 Aegyptum
724 2631 795 2694 socii
812 2650 829 2684 a
847 2633 944 2686 Seuero
961 2637 1131 2686 nominatum
1143 2649 1212 2696 οπο)
1229 2631 1265 2695 cs.
1279 2637 1324 2684 oit.
1336 2632 1394 2685 Seu.
1405 2632 1445 2685 47.

156 2745 189 2757 -
209 2720 238 2782 3)
258 2717 301 2780 cf.
318 2715 353 2772 Ν.
363 2719 441 2771 ueto.
457 2719 534 2771 5567.
550 2719 669 2788 5559Νο.

245 2885 340 2956 3362
368 2908 479 2970 corpus
501 2887 656 2974 fullonium
679 2891 731 2969 qui
752 2892 783 2951 iu
808 2885 981 2973 aediticium
1003 2893 1197 2954 coutulerunt
1220 2898 1382 2965 (sequuntur
1398 2913 1446 2948 no

158 2995 234 3042 nino
253 2997 462 3057 corporatorum
479 2993 581 3056 uiginti
598 2992 659 3042 dno.
685 2990 791 3041 Deinde
806 2990 911 3057 rculpno
929 2990 1051 3042 aedicula
1069 3008 1129 3044 crem
1141 2995 1261 3057 imagine
1271 2991 1381 3056 Bocchi,
1399 2993 1447 3057 qni

160 3101 245 3137 mm
273 3085 372 3136 dextra
399 3084 506 3136 uidetur
532 3087 648 3135 tenuiore
673 3083 854 3150 cantiorum)
884 3077 992 3140 Libero
1019 3081 1093 3159 Aug.
1122 3097 1181 3142 sac.
1212 3077 1216 3160 Ι
1246 3081 1276 3142 in
1307 3079 1445 3141 columna

160 3182 279 3262 corpo.¹
299 3179 306 3255 Ι
325 3181 393 3242 Sex.
409 3180 523 3243 Nonius
539 3177 693 3264 luvenaliis
716 3179 838 3241 nomine
860 3191 894 3240 s·
906 3188 936 3242 et
957 3180 997 3241 til.
1013 3199 1093 3242 suoi.
1113 3182 1119 3263 Ι
1138 3181 1216 3242 Noui
1238 3191 1269 3244 et
1291 3180 1373 3257 Luci,
1396 3179 1466 3256 Li·¹

161 3282 271 3345 berum
293 3279 448 3366 inuidente
469 3283 541 3344 vinu
562 3303 593 3364 p.
616 3303 640 3344 s.
664 3282 696 3342 Κ·
717 3282 825 3361 idemq.
849 3281 877 3341 d.

233 3381 355 3434 Hortari
365 3386 395 3432 in
407 3379 516 3448 Africo,
534 3382 658 3434 colunne
677 3381 760 3443 (eutr.
778 3381 815 3431 du
833 3379 930 3432 eomite'
946 3381 991 3432 des
1009 3388 1128 3434 travano
1138 3383 1199 3434 tier.
1211 3382 1278 3435 tene
1293 3397 1321 3448 p.
1332 3381 1402 3448 tet).
1413 3409 1446 3420 -

164 3470 188 3532 l)
208 3466 481 3536 corporatorum(t).
499 3495 532 3506 -
552 3469 578 3532 2)
595 3467 763 3518 Fundentem
782 3469 875 3516 vinum
890 3473 1006 3534 pecunia
1024 3483 1073 3518 mo
1091 3466 1165 3528 fecit.
1328 3451 1333 3464 ⁸

246 3635 341 3708 3863
385 3639 499 3702 Tullius
518 3634 524 3720 Ι
542 3637 660 3701 Zoticus
682 3635 773 3722 Vllvir
794 3641 869 3718 Aug.
893 3638 928 3699 ed
949 3635 954 3721 Ι
973 3637 1113 3701 Liberum
1137 3648 1250 3720 patrem
1277 3636 1282 3722 Ι
1308 3657 1375 3701 cum
1398 3656 1446 3699 re-

163 3741 305 3804 dimiculo
325 3741 330 3823 Ι
349 3742 414 3803 auri
431 3739 484 3802 ill¹
508 3748 538 3803 et
559 3741 661 3822 thyrso
680 3739 685 3825 Ι
706 3751 735 3803 et
757 3752 878 3803 cantero
900 3759 961 3822 erg.
984 3760 1014 3821 p.
1037 3739 1104 3802 tts²
1126 3735 1131 3822 Ι
1149 3750 1326 3803 testarumuto
1345 3740 1350 3824 Ι
1371 3785 1445 3802 ....

249 3859 371 3908 Arimi
389 3855 442 3922 (XI
455 3860 510 3911 558
525 3858 607 3909 semei
623 3857 755 3924 descripto
774 3875 842 3911 enee.
860 3859 931 3925 XV).
952 3887 987 3900 —
1015 3859 1040 3923 i)
1056 3859 1127 3910 Ante
1143 3856 1174 3910 ill
1192 3858 1299 3910 etiamr
1316 3858 1448 3910 eccidisse

163 3941 347 4008 scripulorum
364 3944 481 4008 εἰςπειηι.
497 3970 534 3984 -
551 3945 579 4008 2)
595 3945 712 4009 Argenti
725 3944 818 4010 pondu
836 3945 897 4012 ²¹!-

251 4109 342 4181 3364
386 4113 493 4175 Libero
516 4114 592 4194 petri
611 4112 617 4195 Ι
637 4132 753 4176 sacrum
773 4113 779 4194 Ι
799 4114 831 4176 Τ.
849 4113 883 4173 Τ.
905 4113 995 4176 Flavii
1017 4109 1214 4196 Ecieictiauus
1236 4123 1266 4173 et
1288 4109 1446 4196 Olymipia·

164 4233 225 4277 uus
245 4215 285 4276 ut.
308 4216 382 4290 eius,
402 4213 407 4298 Ι
427 4215 596 4307 secerdotes
615 4211 621 4296 Ι
640 4214 862 4296 orgiophantae.

250 4315 367 4367 Puteolis
386 4313 424 4378 (Χ
440 4315 508 4367 4585
524 4330 594 4368 mec.
612 4315 677 4368 XVI
692 4318 732 4367 dir
751 4321 782 4368 ot
799 4316 906 4366 videtin·
923 4314 1079 4382 descripto).

250 4449 337 4522 3355
382 4451 491 4514 Libero
515 4454 591 4534 patri
615 4451 740 4539 seierum
764 4453 940 4516 XXeunele¹
967 4452 972 4533 Ι
998 4452 1032 4513 Τ.
1054 4452 1098 4513 Fi.
1120 4451 1284 4533 Egiectiaui
1306 4448 1446 4536 secerd.,-i

166 4555 266 4620 erret
289 4558 366 4635 Aug.
389 4554 440 4617 lib.
463 4556 557 4618 Draco
577 4555 582 4638 Ι
603 4565 747 4636 paraetata
770 4556 962 4619 consecravit.

259 4653 386 4722 Neapoli,
409 4655 527 4708 Puteolis
549 4661 582 4706 ert
602 4656 712 4709 videtne·
732 4657 847 4709 offundo
871 4655 912 4720 (Κ
929 4656 994 4708 teet
1017 4654 1085 4706 vidit
1106 4653 1276 4719 Mommsen).
1298 4684 1330 4694 -
1360 4656 1384 4719 1)
1403 4655 1445 4707 Vi·

167 4741 285 4794 comte.
