3546 5378
404 415 489 472 Tituli
507 417 694 488 municipales.
714 447 745 456 -
766 416 899 473 Tesserae
917 423 946 473 et
962 419 1074 474 tabulae
1091 423 1264 489 potronatus.
1409 417 1471 478 533

279 586 364 659 blld
408 589 439 652 C.
461 590 559 652 Vettio
581 589 678 652 Attico
707 601 737 652 et
767 589 771 672 Ι
800 591 832 654 C.
856 590 958 654 Asinio
982 591 1169 653 Praetextato
1200 593 1272 654 cos.¹
1302 593 1307 676 Ι
1338 610 1384 673 pr.
1407 592 1474 655 idus

192 692 287 773 April.
307 691 313 775 Ι
332 691 460 754 Peltuini
475 691 605 755 Vestinis
627 691 657 753 in
682 693 764 754 curia
785 696 871 775 Aug,
899 693 1035 755 ordinem
1057 693 1237 756 habentibus
1259 693 1294 755 Τ.
1309 689 1472 778 Avidilacco

192 794 340 857 Restituto
369 803 399 856 et
419 792 455 858 T.
477 793 592 858 Blaesio
613 793 714 856 Natalc
737 795 821 857 aedd.
844 797 916 877 qq.²,
949 794 1111 859 scribundo
1134 793 1341 869 adliuerunt¹⁸.
1386 795 1473 868 Quod

193 897 324 959 universi
344 895 434 959 rerba
457 897 610 958 lecerunt:
641 894 646 980 Ι
676 896 843 959 Nummiam
866 897 997 973 Variam,
1024 916 1050 959 c.
1074 898 1115 974 i.¹‚
1144 897 1326 960 sacerdotem
1349 897 1473 961 Veneris
1528 923 1531 930 ·

192 999 310 1080 Felicis,
339 1018 372 1062 ca
396 995 572 1082 adlectilone
599 998 695 1080 adque
718 1018 816 1080 prono
838 1001 937 1062 animo
966 1001 1045 1062 circa
1068 1020 1123 1064 nos
1145 1019 1233 1081 agere
1255 1000 1389 1082 coepisse
1416 1018 1473 1082 pro

192 1103 330 1165 instituto
350 1099 355 1184 Ι
374 1101 591 1164 benivolentiae
612 1118 692 1174 suae,
715 1102 793 1164 sicut
814 1111 845 1164 et
866 1111 1005 1183 parentes
1027 1102 1091 1164 eius
1113 1120 1232 1184 semper
1253 1113 1390 1183 egerunt,
1416 1112 1449 1164 ut
1468 1099 1474 1186 Ι

193 1205 300 1266 merito
329 1203 436 1266 debeat
463 1223 500 1266 ex
528 1222 677 1266 consensu
701 1204 906 1266 uniuersorum
935 1214 1060 1285 patrona
1083 1206 1288 1285 praefecturae
1319 1203 1323 1286 Ι
1354 1216 1474 1267 nostrae

192 1307 275 1380 lieri,
309 1325 368 1387 quo
398 1307 491 1387 magis
520 1307 671 1386 magisque
700 1306 757 1368 boc
785 1308 910 1380 bonore,
945 1307 995 1387 qui
1024 1316 1070 1369 est
1098 1316 1170 1388 aput
1197 1326 1253 1370 nos
1283 1299 1474 1394 potissilmus

193 1416 293 1470 tanne
321 1408 444 1471 claritati
472 1409 536 1471 eius
565 1407 663 1470 oblato
692 1408 863 1488 dignatione
892 1409 1082 1492 benignitatis
1115 1409 1179 1470 eius
1212 1405 1346 1494 glorilosi
1379 1419 1409 1470 at
1442 1409 1472 1471 in

195 1508 336 1572 omnibus
358 1511 413 1572 tuti
436 1529 470 1573 ac
492 1509 606 1573 dolensi
628 1529 693 1573 esso
716 1510 874 1592 possimus,
898 1530 924 1592 q.
943 1511 971 1573 d.
987 1529 1013 1572 e.
1030 1529 1055 1572 r.
1070 1511 1090 1571 i.
1108 1530 1148 1592 p..
1171 1510 1199 1571 d.
1210 1530 1243 1592 e.
1256 1530 1282 1573 r.
1298 1511 1317 1573 i.
1333 1513 1386 1574 c.⁴:
1408 1510 1414 1594 Ι

196 1611 317 1674 Placere
344 1612 491 1676 universis
518 1613 696 1692 conscriptis
723 1613 878 1675 Nummiae
900 1613 1013 1688 Variae,
1042 1632 1069 1675 c.
1093 1614 1124 1688 i.‚
1152 1614 1298 1676 sacerdoti
1323 1609 1473 1698 Veneris}

195 1713 311 1788 Felicis,
339 1733 395 1796 pro
424 1715 583 1797 splendore
612 1714 762 1795 dignitatis
791 1734 862 1778 suae
884 1715 1083 1796 patrocinium
1112 1715 1315 1797 praefecturae
1345 1713 1475 1796 nosltrae

195 1816 303 1879 deierri
326 1817 446 1898 patique
468 1815 506 1877 ab
528 1817 592 1879 cius
608 1817 737 1880 claritate
760 1827 790 1880 et
811 1819 916 1880 eximia
938 1817 1131 1899 benignitate,
1155 1825 1188 1879 ut
1202 1818 1284 1879 bunc
1303 1817 1309 1902 Ι
1328 1820 1474 1880 honorem

194 1918 251 1981 sibi
274 1936 291 1979 a
314 1918 401 1981 nobis
422 1918 553 1981 oblatum
575 1919 678 1981 libenti
701 1929 731 1981 et
753 1938 851 2000 prono
874 1921 976 1982 animo
998 1917 1174 2000 suscipere!
1199 1927 1230 1980 ct
1250 1919 1385 2001 singulos
1407 1920 1475 1981 uni-

195 2038 355 2100 versosque
378 2039 434 2083 nos
455 2038 579 2100 remque
606 2020 755 2100 publicam
779 2032 911 2086 nostram
941 2023 972 2084 in
996 2017 1170 2106 clilentelarn
1198 2020 1304 2084 domus
1331 2039 1402 2084 snae
1428 2040 1475 2084 rc-

196 2123 296 2204 cipere
318 2123 457 2202 dignetur
479 2133 509 2184 et
531 2121 561 2183 in
579 2122 817 2204 quibuscumque
838 2122 843 2205 Ι
861 2125 935 2187 ratio
958 2123 1100 2204 exegerit,
1124 2121 1329 2185 intercedente
1346 2123 1476 2184 auctori-

195 2235 255 2286 tate
270 2224 421 2305 dignitatis
435 2243 514 2298 suae,
537 2233 618 2286 tutos
639 2222 846 2311 dellensosque
869 2237 1017 2308 praestet;
1040 2224 1229 2304 tabulamque
1244 2241 1365 2286 aeneam
1389 2224 1477 2286 buius

195 2327 307 2389 decreti
335 2327 378 2388 nd
407 2325 496 2388 rerba
525 2324 741 2410 contilnentem
769 2328 870 2390 offerri
899 2329 925 2391 ei
953 2346 1007 2410 per
1035 2326 1221 2389 Avidiaccum
1243 2325 1425 2388 Restitutum
1447 2335 1477 2387 et

194 2428 342 2491 Blaesium
365 2429 495 2491 Natalem
519 2448 580 2509 qq„
600 2428 606 2512 Ι
625 2429 695 2491 item
717 2430 912 2493 Numisenum
936 2429 1124 2493 Crescentem
1147 2436 1176 2488 ot
1198 2426 1242 2488 Fl.
1259 2427 1391 2490 Priscum
1414 2428 1476 2510 pri-

196 2549 296 2593 mores
318 2531 381 2592 ord.
404 2530 448 2593 n.⁸
469 2532 556 2594 viros.
601 2531 743 2594 Censuer.

280 2629 379 2683 Romae
398 2631 473 2695 olim,
497 2630 590 2682 tabula
606 2647 692 2684 aenea
716 2630 768 2699 (ut
781 2633 851 2685 etas
872 2632 913 2684 cd
928 2638 1052 2698 eclypum
1068 2632 1204 2681 seruatum
1228 2631 1259 2680 ire
1278 2630 1370 2682 codice
1388 2629 1479 2694 Piglta'a'

195 2715 364 2768 neroum·
382 2713 418 2778 cf.
435 2716 560 2768 ffleebner
576 2733 619 2770 ec.
636 2731 688 2768 aer.
707 2720 793 2783 epigr.
809 2734 838 2771 n.
854 2718 926 2786 878).
943 2744 979 2756 -
1007 2717 1032 2779 1)
1048 2716 1081 2767 A.
1099 2715 1160 2767 m.
1178 2743 1213 2753 —
1230 2717 1256 2778 2)
1275 2714 1383 2767 Aediles
1400 2717 1478 2780 quiu-

195 2802 348 2868 quennelee.
382 2802 504 2868 Apparet
525 2800 644 2853 Pelluim'
665 2801 764 2853 aediles
786 2818 918 2854 mosenum
942 2803 1132 2867 magistratum
1149 2797 1252 2864 sulem,-
1278 2800 1314 2862 ef.
1332 2800 1478 2853 Mommsen

196 2886 225 2940 0.
233 2886 255 2940 1.
263 2885 296 2938 L.
313 2884 353 2938 ΙΧ
363 2901 393 2952 p.
404 2887 464 2938 sat.
487 2914 518 2926 —
540 2887 579 2951 2¹)
596 2888 652 2938 Aul
669 2887 764 2938 meunt
780 2891 891 2940 nomina
909 2903 1002 2940 eorum
1020 2889 1067 2952 qui
1083 2884 1224 2936 scribendo
1243 2884 1405 2950 adsuerunt,
1430 2890 1479 2937 aul

195 2974 402 3037 corrigendum:
419 2969 558 3022 scribundo
576 2969 714 3024 adfuerunt
731 2972 844 3025 universi
862 2971 912 3040 (cf.
924 2971 957 3024 Ν.
970 2972 1043 3036 m).
1072 2969 1145 3030 Quod
1158 2971 1237 3023 rerba
1255 2977 1305 3023 cet.
1324 2997 1357 3008 -
1375 2973 1401 3035 3)
1420 2970 1478 3023 Cla-

194 3059 331 3108 rissimum
352 3053 489 3118 feminam.
525 3055 626 3108 Eodem
648 3057 734 3110 Varla
755 3063 921 3109 memoratur
943 3055 1058 3109 lituae.
1077 3055 1161 3120 345&
1187 3054 1303 3116 fortusse
1325 3055 1416 3106 eodem
1440 3059 1478 3106 ert

196 3141 356 3195 ΗΜ-
373 3145 400 3206 4)
419 3139 460 3202 Cf.
477 3139 512 3194 Ν.
529 3140 593 3194 blod
609 3144 701 3196 nolli.
718 3170 753 3180 -
771 3144 797 3207 b)
814 3141 918 3195 Nostri.

281 3310 365 3383 6111
395 3313 579 3394 Populouii¹.
600 3311 605 3398 Ι
625 3315 679 3376 bu.
696 3334 747 3376 nn.
764 3311 868 3395 Crispo
891 3323 921 3374 et
943 3311 1139 3375 Constantino
1156 3311 1219 3372 iun.
1243 3309 1336 3372 nobb.
1356 3307 1361 3393 Ι
1382 3310 1479 3374 Cacss.

196 3419 304 3480 iterum
320 3415 361 3477 lll
377 3415 442 3477 idus
457 3415 541 3477 llart.
557 3416 676 3490 cnnss.²‚
697 3415 702 3498 Ι
722 3416 820 3477 coloni
839 3413 974 3477 coloniae
989 3412 1175 3475 Concordiae
1190 3411 1294 3493 Ulpiae
1310 3413 1453 3475 Traianae
1467 3411 1473 3498 Ι

196 3523 347 3600 Augustae
369 3517 540 3597 Frugiferae
563 3517 793 3580 Hadrumetinac
812 3515 817 3599 Ι
838 3517 874 3590 Ο.
888 3515 1027 3578 Aradium
1044 3513 1192 3576 Valerium
1214 3513 1376 3597 Proculum
1398 3534 1425 3576 r.
1442 3533 1478 3590 c.‚

195 3621 363 3702 praesidem
386 3619 519 3701 provinc.
542 3619 603 3681 Val.
626 3619 804 3700 Byzacenae,
832 3618 943 3680 liberos
965 3629 1163 3699 posterosque
1186 3616 1250 3678 eius
1269 3613 1275 3699 Ι
1300 3616 1356 3678 sibi
1379 3616 1479 3680 liberis

196 3724 383 3806 posterisque
409 3722 472 3785 suis
499 3732 659 3802 patronum
688 3713 921 3801 conptalucrunt.
965 3720 1001 3792 Q.
1026 3719 1151 3780 Aradius
1173 3715 1307 3781 Valerius
1335 3718 1479 3781 Proculus

196 3846 223 3887 u.
246 3845 283 3899 c.‚
315 3843 434 3907 praeses
464 3820 470 3910 Ι
500 3825 633 3904 provinc.
656 3823 717 3885 Val.
740 3823 926 3904 Baccanae,
961 3821 1085 3884 colonos
1114 3820 1249 3883 coloniae
1278 3817 1479 3904 Comlcordiae

198 3927 301 4010 Ulpiae
323 3927 466 3989 Traianae
488 3927 637 4007 Augustae
660 3925 834 4006 Frugiferae
852 3924 857 4009 Ι
884 3925 1125 3999 Hadrumetinae‚
1154 3922 1262 3984 liberos
1284 3933 1479 4003 posterosque

197 4048 301 4092 eorum
324 4029 355 4090 in
378 4023 501 4115 [fissdem
524 4028 751 4108 clientelamque
773 4047 856 4090 suam
879 4027 1041 4090 liberorum
1060 4025 1066 4108 Ι
1086 4038 1334 4108 posterorumque
1355 4041 1478 4087 suorum

198 4133 320 4213 recepit.

284 4265 387 4336 6111·
418 4266 466 4329 dd.
489 4285 540 4328 nn.
563 4265 666 4348 Crispo
690 4275 720 4328 et
742 4264 941 4328 Constantino
966 4262 1069 4327 nobili.
1090 4263 1188 4326 Caess.
1205 4261 1231 4324 ll
1254 4281 1331 4324 coss.
1350 4259 1355 4344 Ι
1375 4260 1480 4324 Vidus

198 4371 289 4453 April.
311 4371 316 4454 Ι
336 4369 513 4432 decuriones
535 4377 564 4430 ct
579 4368 680 4430 coloni
694 4367 830 4430 coloniae
846 4367 945 4429 Aeliae
960 4363 1119 4447 Aulgustae
1134 4364 1317 4427 Mercurialis
1332 4363 1481 4425 Tbaenit.⁸

198 4492 267 4536 cum
282 4465 404 4557 Quinlto
415 4470 523 4534 Aradio
533 4469 649 4532 Valerio
661 4470 788 4532 Proculo
805 4489 831 4531 u.
848 4488 884 4544 c.‚
908 4469 1034 4550 praesid
1052 4469 1100 4532 s.⁸⁸
1119 4465 1124 4551 Ι
1144 4467 1277 4550 provinc.
1289 4465 1351 4528 Val.
1366 4465 1480 4547 Byzas,

198 4575 360 4656 hospitium
389 4569 626 4653 clientellamque
653 4571 811 4634 iecissent⁴
844 4580 874 4634 et
901 4571 956 4634 sibi
979 4569 1140 4650 liberisque
1168 4567 1229 4631 suis
1259 4567 1264 4650 Ι
1293 4568 1480 4650 posterisque

198 4697 304 4740 eornm
326 4684 525 4758 cooptassent,
556 4674 685 4747 Quintus
704 4671 709 4758 Ι
729 4673 854 4735 Aradios
876 4672 938 4735 Val.
961 4672 1105 4735 Proculus
1127 4691 1153 4733 r.
1177 4690 1213 4746 ο,
1244 4690 1340 4752 praes.
1362 4671 1480 4752 provin.

198 4779 260 4842 Val.
287 4777 293 4864 Ι
317 4779 421 4860 Byzac.
444 4797 459 4840 a
482 4777 710 4841 decurionibus⁸
739 4787 770 4839 et
797 4775 912 4839 colonis
935 4775 989 4842 col.
1016 4775 1077 4837 Acl.
1101 4775 1176 4856 Aug.
1201 4771 1206 4858 Ι
1232 4774 1322 4837 llere.
1345 4771 1479 4836 Thaenit.
