3580 5408
281 356 319 414 16
842 355 934 426 Caput
949 356 999 411 XI.

364 525 450 597 8095
488 528 511 590 1.
534 547 562 591 ο.
584 547 637 605 m.‚
657 526 662 615 Ι
683 530 804 604 lunoni,
825 526 830 612 Ι
850 527 1005 611 Neptuno,
1026 527 1031 613 Ι
1051 530 1149 606 Morti,
1174 531 1206 594 L.
1222 533 1283 596 Vei.
1304 531 1420 618 Ι144144
1442 532 1563 618 opilimo

279 630 404 710 collegio
429 628 652 715 negotiantium
672 628 677 714 Ι
695 632 725 693 b.
747 632 775 693 d.

361 730 482 798 Apuinei
498 748 555 799 rep.
575 731 629 798 (111
647 731 674 783 S.
692 732 774 785 404440
792 731 861 784 uidit
878 731 1104 800 Domarsewslu).

815 905 1020 915 *—

362 1018 449 1092 0090
481 1022 608 1086 lunonei
630 1023 772 1096 Quiritei¹
795 1023 898 1085 44444ΙΙ
916 1021 922 1106 Ι
942 1023 972 1084 C.
989 1023 1175 1088 4414104441..
1199 1026 1218 1087 1.
1241 1028 1363 1090 4444418
1382 1025 1387 1112 Ι
1407 1028 1561 1091 dedicavit.

278 1130 322 1197 (ln
341 1131 436 1200 144444)
460 1169 552 1187 .....
568 1125 590 1186 si
610 1121 616 1210 Ι
724 1125 798 1188 leius
820 1125 853 1186 L.
877 1127 897 1186 l.
920 1144 965 1206 pr.

361 1224 958 1291 04444444411414047444444441444444444).
976 1254 1010 1264 —
1029 1227 1053 1291 1)
1072 1226 1232 1279 0414444444
1251 1227 1355 1293 Quirite
1373 1231 1428 1280 siue
1447 1229 1562 1295 Currite,

275 1311 320 1359 4444
338 1313 418 1360 etiam
435 1313 465 1362 in
482 1311 549 1362 urbe
564 1311 749 1374 sacrificatum
767 1327 821 1361 esse
839 1315 944 1363 eanslat
966 1327 1001 1362 ese
1018 1311 1199 1378 bemerolagio
1216 1312 1357 1364 Arvalium
1381 1313 1441 1381 (ubi
1457 1319 1496 1366 est
1512 1317 1561 1365 sub

277 1393 303 1446 d.
315 1393 331 1444 7
345 1393 400 1446 Oet.
435 1394 544 1459 [lluuool
557 1397 652 1461 444410,
671 1409 732 1446 aum
743 1398 774 1445 in
785 1395 840 1447 alia
853 1397 1033 1462 temerologio
1045 1398 1149 1449 urbano
1161 1399 1209 1448 sub
1222 1397 1313 1448 eodem
1330 1397 1373 1448 die
1384 1401 1420 1450 sit
1430 1402 1560 1466 seriptum

274 1477 364 1530 lunoni
377 1476 406 1539 Q.
418 1479 444 1532 in
457 1495 557 1548 eampo,
575 1479 610 1541 44.
624 1479 687 1531 cit.
700 1479 716 1530 1
731 1479 771 1532 44.
784 1481 802 1533 2
817 1481 922 1548 14004)
941 1481 976 1544 es.
989 1481 1066 1544 infra
1077 1482 1117 1534 aet
1126 1481 1160 1534 N.
1172 1482 1237 1534 4441
1255 1486 1283 1532 44
1292 1486 1435 1549 praeterea
1448 1483 1561 1534 41441144-

276 1563 377 1615 1444444
389 1564 405 1614 1
409 1580 439 1629 p.
448 1565 507 1618 278.
520 1593 552 1604 -
571 1567 597 1630 9)
615 1565 748 1618 Similiter
759 1566 860 1631 iegitur
877 1580 949 1618 44444
966 1569 997 1617 in
1009 1568 1073 1619 alis's
1090 1567 1178 1618 titulis
1195 1567 1273 1618 ualde
1287 1569 1415 1634 antiquis,
1434 1567 1470 1630 ef.
1483 1566 1560 1629 infra

274 1646 309 1700 Ν.
327 1649 496 1701 00900188.
514 1677 547 1687 -
564 1650 591 1715 3)
609 1648 709 1702 consui
725 1651 877 1703 Beneuenti.

360 1783 446 1854 3001
472 1787 508 1858 Q.
520 1786 663 1850 Caecilius
679 1789 732 1850 Cn.
744 1789 776 1849 A.
790 1789 826 1862 0.
838 1789 965 1852 Flamini
980 1790 1135 1853 teibertus¹
1159 1791 1275 1852 lunone
1291 1790 1445 1870 Seispitei¹
1457 1788 1461 1873 Ι
1474 1792 1561 1853 matri

275 1888 406 1968 reginae.

359 1988 480 2041 Lnnuoii
500 2005 571 2057 rep,
596 1991 751 2058 epistylium
775 2007 956 2043 marmoreum
983 1991 1069 2053 (an
1078 1993 1162 2054 2090,·
1187 1987 1290 2042 liitsebl
1311 1989 1500 2059 4441411114).
1527 2017 1561 2030 -
1584 2033 1585 2036 ,

276 2077 301 2137 1)
320 2073 365 2126 tiu
384 2079 410 2126 et
427 2074 492 2126 Auli
510 2075 689 2127 Caeciliorum
711 2080 737 2126 et
754 2075 785 2140 0.
803 2076 937 2127 Flaminii
952 2091 1045 2127 seruus
1062 2074 1156 2137 suerat
1173 2078 1217 2128 bio
1235 2081 1297 2126 onte
1313 2077 1559 2128 444444444444444444.

273 2157 356 2211 Nullo
375 2163 533 2225 cognomine
550 2161 623 2227 quaet
638 2164 738 2226 utitur,
760 2161 866 2212 indicat
887 2161 997 2212 titulum
1015 2164 1196 2228 antiquiorem
1213 2178 1269 2213 esse
1286 2162 1449 2228 temporibus
1468 2159 1561 2212 Sullae

272 2242 320 2305 (44.
344 2243 376 2295 de
398 2244 531 2296 libertinis
553 2249 712 2312 cognomine
735 2247 888 2298 carentibus
911 2246 1056 2298 Mommsen
1074 2246 1190 2300 Slaetsr.
1208 2246 1251 2298 111
1269 2262 1296 2313 p.
1308 2249 1382 2307 420).
1409 2275 1441 2284 -
1470 2246 1495 2309 4)
1519 2244 1561 2296 De

273 2327 376 2379 lunone
393 2328 494 2394 Sirpite
516 2332 584 2393 (sios
601 2331 721 2398 Sospita)
741 2330 858 2382 Lanuuii
877 2333 1047 2398 potissimum
1070 2330 1198 2393 44414444.
1219 2331 1283 2384 011..
1301 2330 1369 2384 XIV
1380 2347 1408 2398 p.
1422 2331 1479 2383 492.
1515 2331 1560 2383 Act

274 2413 364 2464 aedem
382 2417 439 2464 eius
457 2415 627 2467 Lanuuinum
641 2419 776 2483 pertinuit
793 2419 873 2467 etiam
891 2416 988 2466 titulus
1006 2431 1082 2482 quem
1099 2431 1184 2482 supra
1202 2417 1323 2468 dedimus
1341 2416 1375 2469 Ν.
1392 2416 1450 2469 440.

357 2567 444 2639 3098
476 2572 584 2634 lunoni
607 2574 747 2653 Argaiou
771 2573 802 2636 C.
819 2574 967 2636 Blandos¹
989 2593 1107 2654 procos.

361 2670 471 2737 libum,
494 2676 564 2725 basis
581 2678 613 2725 ut
629 2674 737 2726 uidetur
753 2674 872 2727 rotunda
895 2674 977 2743 (XIV
983 2677 1051 2728 isso
1070 2675 1269 2740 descripserunt
1287 2676 1395 2724 ineunte
1412 2687 1482 2725 4444.
1495 2671 1565 2725 XVI

271 2756 420 2807 Auens-sius
437 2763 463 2808 44
477 2759 571 2826 paullo
589 2763 652 2810 44444
670 2764 766 2811 auctor
783 2762 893 2825 ignotus
911 2760 1022 2827 quidam
1038 2760 1087 2810 sed
1104 2759 1272 2824 sceui-atus).
1294 2787 1326 2796 —
1351 2761 1375 2822 l)
1393 2756 1441 2808 Sic
1456 2757 1563 2810 Accius·-

271 2843 328 2891 sius
345 2845 374 2892 in
392 2843 495 2893 subestis
517 2846 695 2911 autographis
717 2846 893 2897 bibliotbeeae
909 2846 1114 2908 Ambrosianus,
1137 2860 1222 2911 neque
1239 2845 1321 2896 aliter
1340 2842 1448 2893 videtur
1465 2841 1565 2908 legisse

272 2930 383 2992 ignatus
399 2927 446 2977 itte
462 2931 567 2993 444444,
585 2931 661 2980 euius
679 2931 878 2997 autograpbum
897 2945 951 2980 non
970 2934 1087 2979 tentemus
1105 2929 1217 2994 (Argiue,
1236 2927 1353 2994 tegetes,
1372 2926 1501 2992 trgum
1520 2946 1563 2980 re·

271 3009 368 3072 ferunt
385 3014 433 3078 qui
449 3013 559 3064 44444444
581 3015 638 3064 eius
656 3013 860 3077 adhibuerunt).
895 3013 980 3065 Aram
997 3013 1073 3063 illam
1094 3013 1233 3078 probabile
1250 3016 1289 3062 444
1305 3009 1391 3072 fuisse
1407 3013 1565 3064 restitutam

272 3100 378 3148 tantum
396 3112 412 3147 a
430 3097 548 3160 Blando,
570 3101 687 3163 positam
705 3103 795 3150 autem
812 3097 898 3160 fuisse
920 3102 952 3147 ut
970 3102 1033 3147 tune
1047 3097 1184 3162 putabant
1203 3099 1235 3148 ab
1256 3096 1368 3148 liereule
1385 3096 1495 3161 Argiuo
1514 3094 1565 3160 (ef.

271 3181 349 3243 inira
366 3181 400 3235 N.
417 3182 497 3250 0400)
523 3197 583 3234 eum
603 3180 686 3234 Tibur
703 3185 831 3248 uenisset,
853 3181 979 3232 similiter
1000 3186 1032 3233 ut
1049 3167 1175 3232 1444444444
1198 3185 1261 3231 tune
1283 3185 1402 3248 posuisse
1419 3181 1567 3235 dicebatur

272 3283 351 3319 arom
368 3268 439 3319 Iouis
455 3267 558 3330 Tiburs,
577 3283 657 3333 quam
675 3268 745 3320 idem
757 3267 878 3320 illandus
895 3269 1016 3318 restituit
1034 3265 1082 3333 (44.
1100 3264 1176 3327 infra
1195 3265 1303 3319 ustos
1322 3281 1383 3317 eum
1401 3266 1566 3333 adnotatis).

272 3353 337 3404 Inde
349 3357 375 3404 44
386 3367 532 3419 cognomen
544 3354 663 3419 Argiuae
674 3354 829 3420 erplieatur
840 3357 867 3403 44
878 3353 1001 3403 4444444444·
1012 3350 1103 3412 farma
1116 3355 1271 3403 444444441444
1283 3352 1421 3404 simulans.
1435 3379 1467 3391 -
1486 3355 1512 3416 9)
1526 3350 1567 3400 De

271 3437 378 3490 Blando
396 3437 433 3500 ef.
450 3454 534 3505 supra
551 3437 586 3490 Ν.
599 3438 646 3491 490
664 3443 690 3488 44
706 3435 783 3500 infra
802 3436 835 3488 N.
848 3436 922 3490 4404.
958 3437 1035 3487 Hane
1052 3451 1130 3487 arom
1147 3436 1255 3488 uidetur
1275 3439 1394 3503 posuisse
1416 3436 1563 3503 aliquanto

270 3527 331 3588 past
348 3540 424 3574 arom
438 3525 509 3576 Iouis
525 3523 560 3576 N.
571 3524 646 3586 4404,
662 3525 765 3575 44444444
781 3520 873 3584 [aetus
891 3525 946 3573 iam
962 3521 1112 3587 proconsul
1128 3521 1230 3588 (4444444
1249 3524 1326 3571 euius
1341 3521 1525 3585 prouinciae).

357 3663 442 3748 9099
486 3683 601 3744 lunone
621 3678 625 3762 Ι
645 3681 778 3744 Louoino
798 3677 803 3762 Ι
822 3679 1004 3740 ’1444441444Ι
1027 3675 1031 3758 Ι
1051 3677 1158 3740 seera’.

357 3797 460 3868 3099·
485 3801 593 3862 ...414
613 3798 618 3884 Ι
640 3796 840 3887 [1444041444ι
860 3794 865 3881 Ι
885 3817 977 3860 socru.

359 3901 443 3967 Prope
467 3900 585 3966 Capuam
607 3918 676 3968 rep„
699 3904 755 3953 iam
777 3897 892 3967 Neapoli
915 3897 1058 3966 (1420οΙ4.
1086 3895 1112 3947 X
1126 3887 1219 3962 tiabit
1240 3906 1267 3957 p.
1285 3889 1340 3944 970.
1375 3881 1478 3941 14444444
1500 3877 1556 3929 lab·

273 3983 459 4051 mim-e).
478 4013 511 4023 —
532 3989 556 4050 1)
575 3983 872 4051 Wtetursiguifieosi,
890 3981 1064 4044 sacrosacta
1083 3997 1118 4032 44·
1135 3981 1260 4029 instituto
1282 3973 1556 4050 Tusculanorum-.-

275 4073 301 4131 t)
320 4069 394 4122 Socse
414 4085 432 4120 a
449 4085 551 4121 4444444444
569 4071 694 4122 deorsum
712 4072 842 4134 seriptum
860 4085 877 4120 a
891 4069 987 4119 deutra
1005 4066 1126 4132 reliquae
1143 4063 1334 4130 inscriptionis.

1298 4145 1556 4174 ds

357 4223 444 4295 9100
476 4225 601 4287 lunonei
622 4221 627 4308 Ι
646 4224 788 4288 Loucino.

358 4327 403 4378 At
422 4326 533 4394 paludes
556 4327 709 4392 Pornptinas
731 4341 804 4393 rep.‚
825 4328 881 4377 iam
903 4323 1031 4392 Neapoli,
1055 4320 1160 4373 lamella
1183 4335 1267 4372 aenea
1291 4317 1331 4388 (Χ
1348 4317 1420 4370 0484.
1458 4291 1558 4357 mmm

275 4413 326 4462 lob.
345 4411 372 4462 11
381 4413 419 4480 d).

358 4547 442 4620 3101
476 4552 605 4616 lunano¹
627 4548 795 4637 14441441Ι
816 4551 946 4626 Dioois¹;
972 4547 1088 4612 44444441Ι
1112 4545 1249 4609 44414440.

360 4651 467 4719 11444444,
486 4655 590 4707 lamella
609 4671 700 4718 aenea,
715 4670 782 4722 pars
798 4657 874 4706 444444
891 4653 1030 4705 Bononiae
1049 4651 1105 4720 (VI
1118 4649 1185 4712 5373
1201 4653 1307 4714 partem
1325 4635 1496 4711 superstitem
1515 4617 1558 4668 dt·

269 4737 385 4790 lineavit
395 4737 497 4791 llitsebl
504 4743 612 4807 priseae
623 4740 683 4794 Lat.
695 4755 765 4793 mon.
778 4755 816 4806 ep.
830 4754 920 4792 enarr.
932 4755 958 4805 p.
968 4741 1002 4791 98
1011 4765 1045 4786 =
1054 4752 1143 4806 opuse.
1153 4736 1169 4785 4
1179 4751 1205 4802 p.
1214 4732 1288 4800 728).
1317 4731 1348 4782 tn
1364 4724 1446 4796 parte
1462 4713 1558 4762 auersa
