3548 5382
480 342 565 397 Tituli
582 343 655 399 sseri
672 348 700 399 et
717 345 900 400 secerdotum.
918 379 951 387 -
969 347 1104 406 Silrsnus.
1395 348 1435 408 ii

241 510 323 583 titt
352 524 456 578 saneto
472 517 589 579 Silvano
609 534 683 578 saer.
702 513 707 597 Ι
727 515 885 599 Eutyches,
908 519 1014 599 collegi
1034 518 1039 600 Ι
1059 522 1157 600 magni
1174 521 1239 584 Lar.
1260 531 1290 581 et
1312 521 1411 601 imag.¹
1428 522 1435 604 Ι

167 615 258 677 lomes.
282 616 288 700 Ι
312 618 412 680 invicti
436 620 442 696 Ι
462 619 606 681 Antonini
630 619 672 679 Pii
692 614 697 702 Ι
719 617 823 682 Felicis
845 621 945 700 hugi
971 641 1000 702 p.
1024 623 1066 704 p.¹
1091 620 1096 705 Ι
1122 641 1180 685 ser.
1203 631 1295 696 actor,
1324 622 1352 683 d.
1375 623 1403 683 d.
1427 617 1433 705 Ι

166 718 251 780 hortis
272 719 451 798 Aponianis³
470 718 476 802 Ι
494 739 574 782 aram
598 739 761 782 marmorea
781 721 787 804 Ι
807 741 873 784 oum
896 743 950 785 suo
973 723 1029 786 sibi
1051 723 1148 802 sigillo
1168 721 1173 806 Ι
1193 725 1312 787 Silvani.

241 817 337 870 Romae
354 819 407 888 (Vl
422 821 468 872 att
488 819 523 881 σί
535 823 621 874 30808
636 821 673 872 ad
689 822 881 889 Fahretts'ssm).
894 852 926 862 —
947 826 971 887 t)
991 823 1136 889 Collegium
1156 827 1213 888 hoa,
1230 825 1309 890 pleno
1326 827 1435 877 nomine

164 903 317 967 appellatum
341 905 484 970 collegium
507 922 634 972 magnum
658 907 760 959 Larum
781 913 809 959 et
830 910 980 972 imaginum
1004 909 1107 960 domini
1130 912 1218 960 nostri
1236 910 1359 962 Caesaris
1382 913 1434 973 (sio

163 990 235 1038 stiam
252 991 280 1038 in
298 991 377 1041 titulo
394 992 578 1042 Poetovionem
594 992 634 1043 Ill
649 993 738 1060 4058),
757 995 811 1045 iam
829 995 970 1046 habuimus
986 1010 1069 1059 supra
1086 993 1119 1046 N.
1133 994 1206 1046 4508.
1225 996 1298 1048 lili.
1312 996 1385 1048 itta.
1400 1024 1433 1034 —

164 1074 186 1129 it
203 1073 367 1139 intellegitur
386 1075 533 1129 Caracalla.
552 1106 584 1116 -
608 1079 634 1140 3)
652 1078 699 1129 Sia
715 1094 751 1128 aas
768 1078 823 1129 alio
841 1081 998 1146 apographo
1016 1079 1115 1142 (Abon-
1132 1079 1276 1137 li'ahrsttil.

568 1167 605 1172 —-
614 1167 998 1175 —--—-.-.---.-..—---
1008 1167 1176 1176 .4-.———-
1185 1169 1222 1174 -.--
1228 1169 1425 1179 -..-.-.-.--..

238 1207 324 1280 3544
352 1213 468 1274 numini
491 1215 595 1275 domus
611 1214 733 1291 August.
757 1225 786 1276 et
808 1211 916 1300 sanloti
934 1211 1058 1301 Siluani]
1082 1216 1218 1278 salutaris
1240 1233 1315 1276 saer.
1336 1217 1341 1295 Ι
1360 1217 1431 1295 imp.

164 1312 267 1374 Cassan
290 1314 402 1376 Nervae
425 1315 543 1377 Traiani
573 1316 676 1396 optimi
702 1311 785 1400 [lug.
810 1316 904 1380 Gema.
928 1313 1042 1402 Dulcioi
1070 1320 1197 1398 imagine
1219 1318 1303 1397 argi,
1323 1316 1329 1401 Ι
1348 1336 1433 1398 para-

161 1414 268 1476 staticas
297 1435 365 1476 eum
388 1418 450 1480 suis
472 1419 656 1481 ornamentis
685 1430 715 1480 et
737 1419 847 1499 regulis
869 1430 900 1480 et
923 1464 1078 1480 ........
1102 1415 1153 1504 ΙσΙῑ
1173 1421 1431 1481 concameratione

162 1516 255 1588 terrea,
275 1514 280 1596 Ι
301 1517 334 1579 C.
351 1518 441 1581 lulius
463 1520 627 1602 Nymphius
648 1520 870 1582 ‹lece-annalis¹
891 1539 943 1582 sua
968 1515 1106 1606 [pecunia
1125 1517 1237 1606 posuilt
1259 1522 1432 1601 donumque

161 1615 232 1678 dedit
249 1620 255 1695 Ι
273 1619 305 1679 in
325 1621 435 1702 templo
451 1623 546 1684 sancti
562 1622 670 1684 Silvani
693 1622 839 1698 salutaris,
862 1622 941 1702 quod
964 1632 1008 1686 est
1032 1625 1061 1684 in
1085 1616 1202 1708 ho[rtis]
1226 1669 1358 1685 .......
1382 1618 1431 1709 [alt

160 1720 359 1797 praetiosus,
387 1721 591 1802 dedicavitque
616 1723 621 1808 Ι
648 1724 746 1786 idibus
769 1725 901 1787 ianuario
926 1725 959 1786 L.
984 1724 1125 1805 Vipstano
1149 1725 1269 1786 Messala
1300 1721 1353 1810 [M.
1377 1724 1429 1788 Pe-

160 1817 232 1907 ione]
253 1823 330 1884 eos.⁸

228 1921 329 1974 Romae
345 1939 401 1990 rep.
420 1926 449 1974 in
466 1927 556 1976 monte
573 1928 706 1978 Aventino
725 1926 777 1992 (Vl
792 1929 844 1980 tta
862 1930 903 1977 ter
920 1933 952 1977 ut
969 1927 1075 1978 uidetur·
1093 1926 1226 1992 descripta
1244 1944 1312 1982 saee.
1330 1927 1429 1995 XVII).

158 2033 186 2044 -·
204 2009 226 2070 l)
244 2007 455 2074 intellegendum
473 2010 596 2061 uidetur.-
614 2013 759 2076 imaginem
778 2017 942 2075 argenteam.
954 2039 989 2049 —
1006 2014 1032 2074 2)
1052 2013 1216 2066 Vocabulum
1227 2010 1376 2074 sos-matum
1393 2012 1432 2065 ad

158 2092 296 2157 emplum
317 2095 533 2161 quinquennalis.
552 2124 586 2132 —
603 2097 629 2161 3)
648 2097 679 2146 A.
692 2096 747 2146 itt.

231 2229 319 2300 8545
356 2235 475 2296 Silvano
505 2236 560 2296 den
587 2232 592 2316 Ι
616 2252 691 2296 sacr.
718 2233 723 2316 Ι
749 2237 784 2306 O.
810 2233 959 2296 Vibiedius
981 2235 1170 2315 Philargyrus
1196 2231 1201 2316 Ι
1228 2236 1338 2296 minist.
1361 2236 1428 2297 Lar.

157 2335 223 2413 hug.
245 2345 274 2396 et
297 2335 375 2414 Aug.
396 2335 401 2416 Ι
420 2336 531 2410 llero.¹,
554 2347 675 2411 tectum,
698 2355 829 2398 mensam
848 2333 854 2416 Ι
875 2337 972 2416 lapitl.¹
995 2355 1075 2398 aram
1093 2345 1160 2398 roto
1180 2355 1257 2398 suso.
1277 2336 1282 2421 Ι
1303 2356 1328 2398 e.
1345 2355 1383 2398 m.
1400 2339 1428 2399 sl.

267 2438 278 2470 Ι

157 2457 176 2496 ⁵·
198 2457 224 2516 p·
234 2439 378 2589 ilfi-umenti
389 2541 418 2588 im
431 2538 551 2589 Lurconis
570 2539 609 2599 (Χ
619 2541 670 2591 205
687 2539 755 2590 uidit
767 2537 932 2604 Mommsen).
946 2566 981 2576 —-
1002 2540 1025 2601 1)
1043 2537 1167 2588 Minister
1180 2537 1281 2589 Larum
1294 2540 1429 2605 Assgsssto·

156 2637 208 2671 rum
225 2621 273 2685 (es.
292 2620 372 2684 infra
391 2622 425 2675 N.
435 2625 519 2686 3623)
543 2629 570 2673 et
591 2623 751 2689 Augustalis
775 2623 945 2674 litoreus-talis
969 2621 1053 2690 (oiim
1077 2623 1249 2674 hieroni-iniis
1271 2625 1430 2689 Augustalis

158 2705 287 2758 Grumenti
306 2712 347 2758 est
364 2707 390 2760 Χ
403 2709 480 2776 232).
498 2737 531 2748 -
549 2711 575 2774 2)
594 2711 617 2760 E
633 2713 739 2759 monitu
749 2709 785 2774 (t)
804 2708 837 2759 de
853 2723 903 2758 msa
921 2709 1035 2773 pecunia
1053 2706 1127 2768 senii.

156 2793 587 2806 -·-——————-..-.-—.-.-..
624 2799 718 2805 -——-
751 2799 798 2804 —
839 2797 954 2803 -..-..-
974 2797 1118 2802 ω-
1143 2797 1429 2805 -,,-,--,-

230 2844 319 2914 8546
355 2847 473 2909 Silvano
495 2866 622 2921 sacrum,
644 2857 713 2907 roto
736 2843 740 2928 Ι
759 2857 897 2928 suscepto
920 2864 975 2926 pro
997 2845 1090 2908 salute
1113 2841 1296 2932 uonitisnh]
1321 2845 1327 2930 Ι
1352 2849 1427 2926 Aug.

158 2963 192 3018 n..
214 2947 242 3007 l..
259 2949 408 3011 Domitius
429 2949 527 3011 Phaon
551 2950 586 3010 asi
609 2949 723 3010 cultum
742 2947 747 3031 Ι
769 2947 949 3026 tutelamque
972 2957 1002 3008 et
1024 2948 1156 3010 sanrfieia
1175 2954 1239 3023 (εἰσ)
1262 2949 1291 3010 in
1316 2945 1426 3032 omne}

158 3059 263 3130 tempus
291 3063 415 3131 posteru
442 3059 506 3125 (εἰσ)
536 3053 571 3113 iis
601 3051 650 3131 qui
679 3051 708 3113 in
740 3050 863 3130 collegio
890 3046 895 3134 Ι
923 3049 1033 3111 Silvani
1066 3051 1152 3112 hodie
1186 3060 1285 3112 essent
1317 3051 1428 3130 quique

158 3163 246 3228 postea
265 3153 271 3236 Ι
291 3153 453 3228 subissent,
476 3153 599 3215 lundum
621 3153 776 3216 lunianum
802 3162 831 3214 et
849 3152 854 3232 Ι
875 3151 1040 3214 Lollianum
1064 3162 1093 3214 et
1115 3153 1354 3214 Percennianum
1376 3151 1426 3236 σῑΙ

157 3253 363 3316 Statuleianum
385 3274 457 3317 suos
479 3273 546 3317 cum
568 3255 630 3318 suis
651 3256 725 3317 villis
744 3252 750 3337 Ι
770 3253 939 3332 finibusque
961 3255 1103 3328 attribuit,
1128 3255 1283 3334 sanxitque
1305 3255 1347 3316 uti
1367 3252 1373 3336 Ι
1392 3275 1428 3316 ex

158 3353 240 3416 reditu
264 3375 370 3418 eorum
394 3357 524 3419 lundoru
543 3364 607 3430 (εἰσ)
630 3376 659 3437 q.
683 3379 707 3418 s.
730 3377 754 3418 s.
777 3359 812 3418 s.¹
836 3357 863 3416 l.
885 3357 978 3431 lanu,
998 3357 1003 3438 Ι
1025 3357 1062 3418 ΙΙΙ
1085 3357 1151 3418 ilus
1174 3357 1260 3418 Febr.
1285 3357 1427 3419 Domitiae

158 3461 221 3534 lug.
243 3479 273 3519 n.
301 3458 424 3532 natale¹‚
447 3468 476 3520 et
497 3457 501 3540 Ι
522 3460 542 3518 V
562 3460 589 3521 ir.
606 3460 694 3521 iulias
716 3459 901 3520 dedicatione
921 3459 1041 3530 Silvani,
1064 3467 1094 3518 et
1115 3456 1168 3518 Xll
1190 3457 1218 3518 k.
1239 3455 1243 3540 Ι
1265 3457 1352 3518 iulias
1367 3458 1427 3519 lio·

157 3559 281 3634 salibus’‚
313 3568 344 3621 et
374 3559 411 3621 lli
440 3561 469 3622 lr.
492 3561 649 3622 Novembr.
674 3561 761 3622 natal.
789 3559 794 3642 Ι
822 3561 978 3623 Domitiani
1009 3560 1082 3638 hug.
1107 3559 1158 3632 n.⁴‚
1186 3578 1303 3621 suentem
1333 3559 1364 3621 in
1394 3579 1427 3621 re

158 3664 295 3738 praesenti
316 3661 320 3745 Ι
342 3663 435 3736 lieret,
458 3664 714 3742 convenirentque
737 3663 756 3724 ii
780 3664 830 3742 qui
853 3665 883 3724 in
904 3662 908 3746 Ι
930 3663 1053 3742 collegio
1069 3673 1170 3724 essent
1184 3661 1220 3722 ad
1236 3663 1425 3742 epulandum,

158 3761 332 3848 cnmlntibus
360 3765 405 3826 sui
436 3766 580 3845 cuiusque
609 3767 680 3827 anni
709 3765 866 3844 magistris.
912 3765 987 3826 lluie
1006 3763 1009 3848 Ι
1031 3765 1073 3825 rei
1102 3764 1201 3825 dolum
1232 3765 1338 3825 malurn
1363 3766 1426 3826 alu·

158 3873 245 3926 turum
262 3867 424 3947 quominus
443 3865 447 3949 Ι
468 3885 502 3926 ea
524 3885 600 3946 quae
622 3885 704 3946 supr.
727 3867 836 3947 scripta
858 3877 928 3928 sunt
950 3869 1031 3940 flant,
1053 3863 1057 3948 Ι
1078 3867 1264 3929 manifestum
1281 3877 1335 3940 est,
1358 3886 1425 3928 eum

159 3985 204 4044 pro
224 3969 320 4030 salute
344 3962 480 4053 optum[i]
506 3967 510 4051 Ι
536 3969 680 4050 principis
708 3978 738 4030 et
766 3968 878 4030 domini
908 3969 926 4028 i.
950 3968 985 4030 εἰ
1014 3968 1097 4029 tundi
1120 3962 1309 4054 eonsecrat[i]
1335 3967 1339 4052 Ι
1366 3969 1427 4031 sint

158 4067 269 4150 diesque
283 4069 497 4132 sacrificiorum
514 4069 732 4156 conprelhensi.
764 4066 938 4155 Praetle]rea
955 4070 1038 4132 locus
1053 4069 1113 4130 sive
1129 4089 1161 4130 ea
1178 4088 1247 4149 pars
1260 4069 1264 4152 Ι
1279 4070 1345 4149 agpi
1362 4074 1426 4141 (εἰσ)

157 4167 315 4258 silmequle]
340 4184 394 4246 est,
425 4173 454 4232 in
478 4172 612 4247 rivario⁸‚
641 4190 716 4251 quae
739 4173 835 4253 cippis
857 4170 862 4254 Ι
889 4172 992 4254 positis
1014 4172 1090 4232 eirea
1115 4170 1264 4232 silvanum
1287 4170 1426 4232 determi-

159 4285 216 4334 nata
234 4277 240 4352 Ι
259 4285 313 4349 est,
336 4275 454 4337 Silvano
476 4274 569 4348 cedet,
592 4284 622 4336 et
643 4275 687 4337 rie
709 4277 806 4337 aditus
828 4275 863 4336 ad
887 4274 1005 4336 Silvano
1019 4279 1082 4345 (εἰσ)
1102 4267 1107 4356 Ι
1127 4291 1180 4352 per
1202 4273 1326 4334 lundam
1350 4271 1426 4343 an-

158 4375 290 4438 sieianum
314 4383 377 4450 (εἰσ)
401 4375 540 4438 omnibus
561 4377 682 4457 patebit.
702 4377 707 4459 Ι
728 4378 831 4456 Lignis
853 4395 972 4456 quoque
999 4386 1028 4437 et
1054 4393 1090 4437 er
1120 4374 1212 4436 tundo
1236 4374 1395 4436 Galliciano
1419 4370 1424 4458 Ι

159 4491 184 4534 σι
207 4496 282 4558 aqua
309 4479 434 4541 sacritiei
462 4497 549 4540 musa
577 4489 607 4540 et
634 4479 670 4540 de
696 4479 804 4540 vivario
830 4478 1027 4557 {promiscue
1056 4475 1156 4538 licebit
1181 4477 1235 4538 uti.
1273 4476 1352 4539 liaeo
1381 4477 1425 4540 sio

160 4576 212 4640 tm
224 4579 230 4663 Ι
242 4583 306 4643 lieri
320 4581 463 4663 praestari
479 4581 544 4644 sine
559 4582 627 4642 dolo
643 4582 719 4643 malo
735 4581 820 4644 iussit
836 4579 841 4663 Ι
857 4579 1049 4659 permisitque
1066 4573 1120 4664 [L]
1135 4579 1279 4642 Domitius
1292 4577 1420 4662 Pineum!

160 4683 235 4744 euos
257 4686 370 4748 omines
388 4691 449 4757 (εἰσ)
471 4685 555 4746 locus
577 4684 640 4745 init.
